2324 3982
251 296 283 334 ao
547 281 810 335 PHILOBIBLON

250 472 313 515 non
339 454 439 514 valent
466 451 658 532 comparari:¹
692 451 923 514 Proverbiorum
948 461 989 529 3⁰.
1013 451 1105 530 Quis·

250 550 317 628 quis
330 549 419 628 igitur
432 569 465 612 se
480 552 589 612 fatetur
603 549 740 625 veritatis,
762 549 920 624 felicitatis.
938 549 1106 628 sapientiae

250 651 298 710 vel
320 647 470 725 scientiae,
490 667 543 710 seu
565 648 655 710 etiam
676 647 748 710 fidei
767 649 936 722 zelatorem,
957 646 1104 710 librorum

250 765 373 809 necesse
387 756 432 810 est
445 764 478 808 se
490 745 580 808 saciat
592 756 767 808 amatorem.

543 1149 759 1250 Capitulum
779 1174 811 1247 3.

291 1297 463 1398 Qualiter
480 1299 517 1375 in
535 1298 638 1375 libris
655 1302 825 1376 emendis
842 1301 891 1376 sit
907 1302 1072 1399 pretium
1097 1275 1100 1279 ¹

529 1418 814 1493 aestimandum.

198 1610 235 1668 39
252 1591 494 1670 corollarium
512 1605 600 1667 nobis
609 1616 726 1684 gratum
735 1607 774 1668 de
785 1605 946 1686 praedictis
955 1607 1126 1684 elicimus,5

249 1705 352 1786 paucis
373 1718 474 1767 tamen
493 1704 539 1785 (ut
554 1704 716 1785 credimus)
730 1707 969 1785 acceptandum:
990 1707 1104 1766 nullam

249 1795 390 1865 videlicet
411 1804 523 1865 debere
546 1801 695 1863 caristiam
717 1802 871 1864 hominem
893 1801 1041 1881 impedire
1064 1804 1103 1864 ab

250 1895 402 1975 emptione
416 1896 568 1970 librorum,
583 1915 653 1957 cum
666 1894 724 1956 sibi
742 1906 881 1974 suppetat
894 1895 979 1973 quod
992 1895 1104 1974 petitur

250 2014 305 2073 pro
329 1993 452 2068 eisdem,
470 1992 527 2054 nisi
549 2004 583 2053 ut
603 1991 764 2054 obsistatur
777 1991 909 2055 malitiae
928 1992 1101 2067 venditoris,

249 2092 297 2152 vel
309 2102 426 2167 tempus
440 2089 560 2152 emendi
575 2089 774 2168 opportunius
792 2101 974 2168 expectetur.
1018 2093 1103 2168 Quo·
1115 2097 1140 2131 ¹⁰

250 2187 340 2262 niam,
356 2187 380 2248 si
393 2189 457 2249 sola
470 2185 616 2264 sapientia
630 2185 758 2264 pretium
772 2186 843 2248 facit
856 2186 946 2262 libris,
959 2208 1038 2265 quae
1057 2200 1103 2250 est

249 2284 384 2346 infinitus
405 2285 560 2346 thesaurus
575 2283 757 2358 hominibus,
773 2296 803 2344 et
826 2283 849 2346 si
865 2287 947 2346 valor
960 2285 1102 2347 librorum

250 2393 295 2444 est
306 2381 471 2457 ineffabilis,
486 2394 520 2443 ut
531 2381 692 2459 praemissa
707 2391 889 2459 supponunt,
900 2381 1027 2459 qualiter
1037 2402 1103 2461 pro

249 2479 367 2541 habitur
379 2499 480 2540 carum
492 2497 557 2541 esse
571 2476 793 2552 commercium,
804 2477 856 2539 ubi
870 2479 984 2539 bonum
993 2479 1103 2540 emitur

250 2577 422 2638 infinitum?
463 2577 653 2653 Quapropter
666 2575 757 2636 libros
771 2575 898 2637 libenter
911 2578 1058 2638 emendos
1072 2591 1102 2640 et
1116 2593 1140 2644 15

249 2671 1100 2750 invitevendendossolhominumSalomonnoshortatur,

281 2838 343 2894 4est
353 2837 382 2879 ut
392 2845 416 2878 sc
425 2830 464 2896 Ja.
472 2827 591 2893 fateatur
605 2829 662 2878 edd.
675 2832 684 2886 ΙΙ
698 2835 712 2891 5
728 2828 875 2878 cordarium
892 2828 921 2878 D
935 2829 1102 2880 corrolarium

248 2911 275 2958 E
287 2914 295 2967 ΙΙ
307 2920 323 2971 9
333 2913 481 2972 suppetam
490 2906 621 2955 obsistatur
629 2907 654 2954 A
666 2906 676 2968 ΙΙ

281 3061 391 3110 infinitus
402 3055 542 3122 thesaurus]
560 3059 636 3107 From
647 3057 771 3117 Wisdom‚
782 3057 824 3106 vii.
838 3068 885 3118 143
902 3056 989 3108 Eccl'.
1004 3074 1045 3108 xx.
1059 3071 1100 3122 32.

282 3141 327 3192 Sol
348 3139 479 3188 hominum
502 3136 634 3202 Salomon]
656 3137 719 3186 This
737 3137 826 3202 phrase
847 3152 934 3188 occurs
956 3138 983 3187 iu
1006 3139 1103 3188 Walter

249 3219 319 3281 Map‚
334 3217 375 3265 De
387 3216 469 3279 Nugis
481 3215 626 3276 Curialium,
639 3214 672 3266 iu.
686 3226 719 3277 33
736 3214 778 3264 the
790 3214 914 3266 reference
924 3213 946 3265 is
956 3215 1065 3280 perhaps
1076 3222 1103 3266 to

249 3294 327 3345 Eccli.
340 3291 415 3342 xxvii.
432 3303 469 3342 12.
