2324 3982
426 276 654 331 CAPITULUM
669 277 748 330 XIX.
965 291 1010 342 141

437 807 651 906 Capitulum
674 835 728 904 19.

201 982 263 1057 De
282 983 393 1058 modo
411 984 707 1060 communicandi
725 987 965 1064 studentibus

337 1101 511 1179 omnibus
529 1103 644 1180 libros
662 1122 820 1182 nostros.

104 1329 140 1404 3⁶
157 1325 321 1401 Difficile
340 1359 458 1419 semper
470 1341 526 1403 fuit
539 1341 583 1402 sic
596 1341 735 1403 homines
749 1341 878 1404 limitare
891 1340 1007 1420 legibus

153 1437 329 1512 honestatis,
339 1437 413 1514 quin
421 1438 530 1500 astutia
544 1458 749 1501 successorum
760 1440 904 1500 terminos
918 1440 1007 1501 niter·

153 1544 220 1595 etur
240 1535 482 1612 praecedentium
505 1536 650 1598 transilire
667 1547 697 1597 et
712 1547 837 1598 statutas
850 1535 1007 1614 infringere

153 1634 270 1709 regulas
287 1631 446 1693 insolentia
465 1631 618 1693 libertatis.
661 1635 867 1710 Quamobrem
884 1634 923 1694 de
937 1652 1006 1710 pru·

154 1730 281 1791 dentum
303 1728 429 1790 consilio
448 1739 561 1789 certum
586 1729 712 1789 modum
732 1729 930 1806 praefiximus,
954 1748 1034 1807 per5

154 1844 244 1902 quem
259 1827 298 1888 ad
312 1826 471 1886 utilitatem
485 1824 669 1886 studentium
683 1825 827 1887 librorum
837 1838 1006 1887 nostrorum

154 1921 458 1983 communicationem
472 1933 502 1983 et
516 1941 605 1982 usum
618 1923 757 1984 volumus
771 1923 921 1984 devenire.

104 2016 138 2076 37
195 2021 233 2079 In
241 2018 344 2096 primis
352 2018 433 2079 enim
443 2018 535 2080 libros
544 2030 687 2080 omneset
698 2019 840 2097 singulos,
849 2021 889 2081 de
897 2020 1007 2099 quibus

151 2117 322 2194 catalogum
346 2116 470 2176 fecimus
488 2116 656 2194 specialem,
680 2117 873 2178 concedimus
898 2129 929 2178 et
952 2119 1006 2178 do·

152 2233 259 2273 namus
274 2213 383 2273 intuitu
404 2212 534 2273 caritatis
555 2214 764 2274 communitati
778 2215 960 2274 scholarium
974 2214 1006 2273 in
1021 2239 1051 2274 10

150 2312 221 2372 aula
235 2328 242 2342 ’
258 2312 287 2369 Ν
305 2328 311 2342 ·
326 2309 492 2372 Oxoniensi
504 2309 687 2388 degentium,
697 2311 729 2370 in
740 2323 915 2389 perpetuam
930 2313 1006 2372 elee-

150 2426 308 2485 mosynam
322 2426 377 2485 pro
388 2406 488 2467 anima
502 2417 604 2468 nostra
616 2418 647 2468 et
660 2420 818 2486 parentum
833 2419 1005 2469 nostrorum

184 2594 236 2645 Tit.
254 2609 337 2644 omnes
353 2594 381 2642 D
398 2597 407 2651 ΙΙ
424 2593 608 2656 3pr1alentum
625 2593 649 2642 A
666 2592 693 2642 B
708 2596 718 2651 ΙΙ
735 2604 752 2654 9
768 2593 890 2642 donam
905 2607 957 2642 om.
976 2593 1006 2642 D

150 2673 299 2722 donavzhaeus
315 2672 372 2721 edd.
385 2671 496 2720 comitati
509 2671 567 2722 edd.
582 2675 592 2729 ΙΙ
612 2682 639 2720 ιι
657 2671 699 2720 ·N·
711 2670 784 2722 codd.
799 2670 851 2721 mll.
866 2677 953 2720 nostra
960 2671 1001 2735 Ja.

151 2766 203 2801 om.
216 2750 274 2800 edd.
291 2750 370 2800 Oxou.
384 2749 413 2798 D
422 2748 462 2813 Ja.
476 2745 487 2811 ΙΙ

185 2913 244 2979 ·Ν-]
260 2914 316 2965 The
332 2913 387 2963 best
404 2913 482 2964 MSS.
494 2912 553 2962 read
566 2912 624 2972 ·N·,
637 2911 720 2962 which
730 2910 854 2976 probably
865 2911 950 2964 stands
966 2911 1005 2962 ior

150 2994 248 3044 Nomen
259 2992 309 3042 and
320 2991 430 3056 signifies
440 2991 494 3041 that
505 3006 574 3040 some
585 3006 658 3039 name
667 3005 718 3039 was
729 2989 847 3039 intended
859 2997 887 3039 to
896 2989 929 3039 be
936 2989 1006 3040 filled

150 3070 185 3121 in.
221 3070 277 3120 The
287 3070 328 3120 ed.
341 3085 379 3133 pr.
394 3068 468 3118 omits
483 3068 511 3127 it,
525 3067 571 3117 but
587 3067 630 3117 the
642 3067 727 3131 Spires
737 3067 788 3116 aud
803 3065 899 3117 Oxford
911 3066 1005 3116 editors

150 3148 219 3214 print
234 3154 327 3206 nostra,
342 3145 371 3195 os
379 3145 461 3195 which
482 3145 584 3193 Hearne
596 3159 735 3208 approves:
754 3143 859 3204 Leland,
874 3142 1002 3203 Collectt.,

150 3225 186 3275 iii.
201 3224 258 3288 385,
268 3225 302 3273 vi.
316 3235 373 3285 299.
409 3222 451 3273 On
468 3221 511 3270 the
527 3221 643 3286 question
659 3220 740 3271 raised
756 3220 848 3284 hythe
864 3219 968 3285 reading
977 3219 1007 3271 oi

151 3303 194 3352 the
206 3308 266 3363 text,
280 3317 321 3351 see
333 3300 375 3351 the
388 3299 569 3350 Introduction.
