2324 3982
164 310 199 368 34
448 300 725 354 amoarnrorr

164 472 346 545 ordinatum,
355 471 446 534 hbros
459 473 591 534 habeant
603 473 644 534 ad
658 472 801 535 studendi
810 473 979 536 subsidium
989 485 1019 536 et

163 571 364 644 membranas,
381 589 457 647 quas
475 570 630 647 apostolus
648 569 778 632 maxime
797 571 954 648 ponderat,
977 573 1019 633 ad

39 740 42 746 ¹
113 663 152 738 98
164 667 375 728 scribendum:
395 666 533 742 maxime,
547 667 654 746 inquit,
667 670 864 730 membranas„
898 671 1019 730 Revera

164 783 290 826 mancus
317 775 364 827 est
393 764 518 826 clericus
547 774 579 826 et
609 765 650 826 ad
675 766 839 826 multorum
870 765 1017 827 iacturam

163 862 288 940 turpiter
305 861 468 937 mutilatus,
484 860 537 940 qui
554 861 625 923 artis
647 861 799 924 scribendi
817 863 951 925 totaliter
971 875 1017 926 est
1031 892 1043 942 ς

43 1010 51 1016 .
163 959 292 1038 ignarus.
334 963 444 1020 Aerem
471 958 595 1020 vocibus
618 960 754 1021 verberat
781 970 813 1021 et
841 972 1018 1039 praesentes

163 1065 278 1118 tautum
292 1056 439 1133 aedificat,
454 1056 629 1118 absentibus
641 1067 673 1118 et
685 1056 812 1134 posteris
831 1056 907 1118 nihil
920 1069 1017 1136 parat

162 1153 417 1215 Atramentarium
426 1153 577 1232 scriptoris
585 1156 720 1232 gestabat
734 1153 765 1215 in
773 1153 895 1215 rembus
904 1155 952 1216 vir
963 1156 1017 1233 qui

162 1252 275 1313 frontes
295 1250 478 1330 gementium
496 1253 564 1312 Tan
578 1250 721 1329 signabat,
738 1250 884 1312 Ezechiel
902 1259 934 1330 9ο
941 1274 952 1329 3
974 1253 1018 1313 iu-

163 1347 285 1410 sinuans
294 1351 418 1427 figurate
426 1348 519 1427 quod,
529 1347 627 1427 siquis
635 1347 786 1410 scribendi
793 1348 1016 1426 peritiaoareat,
1032 1375 1060 1410 ιο

163 1446 358 1526 praedicandi
370 1444 584 1524 paenitentiam
598 1444 728 1506 officium
740 1465 802 1507 non
816 1457 997 1524 praesumat.

112 1560 151 1620 99
203 1544 343 1605 Tandem
363 1542 396 1603 in
412 1540 577 1621 praesentis
598 1543 682 1603 calce
702 1541 824 1620 capituli
845 1543 1017 1621 supplicant

160 1641 248 1703 vobis
270 1641 354 1702 libri:
384 1643 514 1701 Iuvenes
532 1651 647 1700 vestros
663 1649 750 1717 aptos
767 1638 890 1718 ingenio
909 1640 1017 1702 studiis

162 1738 320 1816 applicate,
330 1736 498 1799 necessaria
508 1735 719 1810 ministrantes,
735 1755 812 1813 quos
825 1755 888 1798 uon
901 1739 1018 1798 solum·

161 1837 256 1897 modo
270 1835 436 1896 bonitatem
451 1853 554 1895 verum
569 1833 658 1894 etiarn
673 1833 861 1912 disciplinam
877 1844 908 1896 et
921 1834 1018 1897 scien·
1032 1859 1059 1909 ις

161 1931 235 1994 tiam
253 1931 396 2006 doceatis,
415 1931 588 1993 verberibus
609 1929 751 2005 terreatis,
765 1930 919 1992 attrahetis
932 1934 1018 1994 blan·

161 2028 250 2102 ditiis,
279 2029 419 2090 molliatis
441 2027 624 2089 munusculis
645 2039 676 2089 et
702 2028 844 2106 poenosis
869 2028 1015 2107 rigoribus

162 2126 299 2206 urgeatis,
314 2137 348 2187 ut
366 2138 396 2187 et
413 2125 556 2188 Socratici
572 2124 706 2187 moribus
722 2137 752 2186 et
772 2125 915 2187 doctrinis
935 2127 1015 2189 Peri·

93 2243 149 2283 100
161 2223 283 2303 patetici
304 2224 391 2285 simul
412 2225 492 2284 fiant.
535 2222 611 2284 Heri
632 2221 717 2300 quasi
737 2223 811 2283 hora
827 2222 869 2282 xi·
884 2243 939 2284 vos
956 2224 1016 2285 dis

160 2333 259 2384 cretus
272 2321 481 2400 paterfamilias
494 2319 658 2381 introduxit
666 2319 698 2379 in
708 2319 826 2380 vineam
837 2341 846 2395 3
866 2331 937 2382 ante
947 2341 1015 2382 sero
1028 2343 1058 2376 20

160 2420 280 2499 penitus
293 2419 393 2498 pigeat
407 2417 501 2479 otiari.
534 2411 660 2479 Utinam
675 2437 743 2477 cum
759 2417 899 2494 prudenti
913 2417 1014 2479 villico

160 2515 353 2579 mendicandi
375 2526 436 2576 tam
454 2514 590 2592 improbe
611 2513 822 2575 verecundiam
843 2515 1012 2576 haberetis!

159 2617 247 2676 Tunc
262 2613 343 2674 enim
360 2610 561 2693 proculdubio
574 2610 657 2672 libris
676 2621 707 2672 et
721 2609 821 2672 studio
834 2611 1013 2690 propensius

158 2711 309 2773 vacaretis.

191 2917 208 2965 4
220 2903 263 2952 ille
274 2903 458 2967 clericusDJa.
470 2905 479 2959 {l
491 2912 520 2963 13
531 2906 588 2965 apto
599 2901 627 2949 D
635 2904 644 2959 ll
656 2909 685 2964 15
696 2901 824 2950 veritatem
839 2900 899 2952 edd.
907 2905 916 2960 ΙΙ
925 2915 957 2952 22
966 2903 1012 2953 im·

154 2981 230 3046 probo
241 2981 269 3030 D
281 2978 291 3043 ΙΙ
304 2991 335 3044 23
346 2979 413 3029 enim
424 2994 474 3029 om.
488 2979 516 3028 D
527 2977 595 3028 nobr's
605 2977 676 3026 libris
686 2978 714 3027 E
724 2977 780 3027 edd.
796 2983 805 3036 ΙΙ

190 3173 273 3209 aerem
284 3156 387 3206 vocibus
398 3155 522 3216 verberat]
540 3155 615 3204 From
629 3166 639 3203 1
653 3154 711 3206 Cor.
726 3154 758 3206 ix.
773 3153 813 3206 26.

191 3238 379 3307 paterfamilias]
397 3238 444 3302 Cp.
458 3239 532 3286 Matt.
547 3252 586 3286 xx.
603 3248 624 3296 1,
638 3234 663 3285 6.

192 3316 309 3384 prudenti
320 3315 414 3378 villico]
432 3316 480 3380 Cp.
495 3314 576 3375 Luke,
589 3312 639 3364 xvi.
654 3325 676 3377 3,
691 3311 714 3364 8.
