2324 3982
529 291 792 343 PHILOBIBLON

514 822 730 922 Capitulum
754 832 809 900 16.

252 978 378 1074 Quam
396 977 445 1052 sit
463 978 691 1052 meritorium
709 978 824 1053 libros
842 1005 963 1055 novos
982 980 1072 1055 scri-

401 1105 491 1179 bere
508 1120 546 1180 et
563 1120 712 1181 veteres
730 1131 925 1182 renovare.

163 1299 219 1359 205
236 1281 342 1357 Sicut
356 1291 554 1354 necessarium
568 1304 613 1354 est
626 1292 807 1370 reipublicae
821 1291 996 1373 pugnaturis
1010 1292 1091 1353 mili·

234 1388 314 1450 tibus
335 1409 418 1450 arma
434 1389 589 1468 providere
606 1390 753 1451 Vulcania
769 1401 800 1452 et
819 1402 976 1470 congestas
996 1390 1092 1451 victu·

234 1484 327 1546 alium
355 1487 458 1565 copias
484 1506 667 1565 praeparare,
696 1487 740 1547 sic
768 1487 921 1550 Ecclesiae
948 1488 1091 1550 militanti

235 1593 340 1644 contra
356 1603 540 1663 paganorum
554 1595 585 1645 et
599 1583 814 1645 haereticorum
833 1585 959 1646 insultus
978 1604 1091 1663 operae

235 1679 362 1758 pretium
377 1691 496 1743 constat
509 1700 575 1742 esse
590 1701 729 1743 sanorum
740 1682 883 1744 librorum
897 1681 1091 1744 multitudine
1106 1709 1119 1761 ς

234 1777 419 1838 communiri

164 1881 222 1938 206
275 1877 388 1934 Verum
409 1874 479 1952 quia
499 1895 588 1937 omne
613 1878 696 1954 quod
718 1875 806 1938 servit
831 1876 1016 1951 mortalibus,
1035 1897 1093 1954 per

234 1971 407 2047 prolapsum
418 1972 559 2049 temporis
570 1973 755 2034 mortalitatis
766 1973 958 2051 dispendium
968 1973 1090 2052 patitur,

234 2085 356 2127 necesse
375 2078 419 2128 est
435 2080 582 2130 vetustate
600 2071 748 2130 tabefacta
765 2071 918 2131 volumina
938 2068 1091 2132 innovatis

235 2164 454 2226 successoribus
465 2164 667 2242 instaurari‚ut
678 2168 867 2245 perpetuitas
878 2188 955 2246 quae
964 2179 1091 2229 naturae
1108 2194 1137 2228 10

234 2273 378 2338 repugnat
402 2261 559 2338 individui,
588 2266 772 2325 concedatur
791 2263 946 2344 privilegio
967 2263 1091 2343 speciei.

236 2357 320 2418 Hinc
335 2368 388 2431 est,
400 2359 483 2436 quod
495 2359 645 2436 signanter
656 2359 765 2421 dicitur
778 2360 999 2441 (Ecclesiastes
1019 2362 1071 2441 12)
1085 2386 1092 2424 ι

235 2455 364 2516 faciendi
377 2457 476 2532 plures
491 2455 582 2517 libros
599 2459 698 2518 nullus
712 2468 758 2519 est
776 2458 850 2518 finis.
908 2458 993 2519 Sicut
1008 2458 1092 2520 enim

235 2554 378 2615 librorum
406 2573 539 2632 corpora,
572 2574 609 2615 ex
633 2555 849 2617 contrariorum
874 2556 1093 2620 commixtione

234 2662 400 2730 compacta,
416 2670 489 2712 suae
507 2651 733 2729 compositionis
754 2652 932 2714 continuum
957 2653 1094 2715 sentiunt
1111 2674 1137 2725 ις

269 2836 280 2872 1
294 2823 493 2888 propugnatura}
507 2823 546 2885 Ja
562 2827 598 2880 lla
622 2822 727 2872 Volcano
743 2823 769 2873 B
791 2823 903 2874 Vulcano
917 2824 947 2873 D
963 2824 1095 2876 militaria

234 2901 291 2950 edd.
307 2905 316 2958 11
329 2910 343 2964 5
354 2901 478 2949 semorum
489 2901 517 2950 E
525 2900 565 2963 Ja.
579 2905 589 2958 ll
602 2909 616 2962 7
627 2915 699 2949 omne
708 2915 757 2950 om.
769 2902 794 2950 A
808 2905 816 2959 ll
828 2900 844 2950 8
855 2901 954 2965 lapsum
960 2900 1001 2965 Ja.
1016 2906 1026 2959 ll

267 3079 337 3112 arma
347 3061 480 3124 Vulcania]
492 3061 547 3112 The
558 3062 648 3127 phrase
659 3078 745 3112 occurs
756 3063 782 3112 iu
796 3063 848 3114 Cic.
863 3063 938 3113 Tusc.
952 3063 977 3114 ii.
991 3076 1028 3125 14,
1041 3076 1073 3128 33
1086 3081 1094 3124 ;

237 3140 287 3188 “si
304 3147 382 3190 tectus
399 3140 527 3190 Volcaniis
544 3141 627 3200 armis,
640 3141 716 3190 idest
732 3140 886 3202 fortitudine,
899 3140 1014 3192 resiste.”
1036 3143 1094 3192 The

235 3216 360 3266 reference
371 3217 430 3266 here
442 3217 463 3267 is
474 3217 602 3268 doubtless
618 3224 646 3268 lo
662 3234 729 3269 arms
745 3218 832 3282 forged
849 3219 884 3283 by
895 3219 937 3268 the
953 3235 1092 3280 armourer,

236 3294 288 3344 and
298 3301 342 3344 not
353 3300 380 3344 to
391 3293 522 3343 fite-arms.
