2324 3982
429 266 653 320 castrorum
671 267 765 320 xvir.
973 276 1018 334 133

164 450 261 508 quam
273 430 409 508 scissura,
424 443 455 495 et
468 433 605 508 fractura,
621 451 698 511 quae
711 432 751 494 ad
764 442 885 510 tempus
901 431 1022 512 negligi-

165 540 225 604 tur,
239 529 422 608 reparabitur
434 542 541 609 postea
553 551 624 592 cum
638 550 739 592 usura.

113 630 150 689 27
210 629 260 688 De
285 627 428 689 librorum
451 627 583 689 armariis
609 626 808 689 mundissime
832 625 1023 702 fabricandis,

165 721 222 785 ubi
233 725 274 785 ab
287 725 372 786 omni
381 724 513 787 laesione
524 727 674 786 salventur
684 724 789 800 securi,
799 727 922 804 Moyses
933 723 1025 785 mitis·

166 819 264 882 simus
289 841 347 883 nos
373 821 521 898 informat,
549 824 716 883 Deuteron.
738 827 807 900 31⁰:
836 819 956 896 Tollite,
978 823 1052 905 in·5

166 915 245 995 quit,
260 917 371 980 librum
390 917 481 980 istum
496 930 527 980 et
540 917 645 997 ponite
666 917 751 978 illum
773 917 804 978 in
825 919 918 979 latere
938 937 1025 979 arcae

165 1015 298 1077 foederis
317 1016 444 1078 Domini
465 1016 525 1077 Dei
546 1014 644 1078 vestri.
689 1016 718 1078 O
739 1016 824 1076 locus
844 1013 974 1077 idoneus
995 1025 1026 1076 et

166 1109 372 1175 bibliothecae
399 1112 592 1188 conveniens,
622 1131 700 1190 quae
726 1113 766 1173 de
798 1110 886 1191 lignis
915 1111 1026 1173 sethim

167 1208 402 1288 imputribilibus
429 1211 508 1271 sacta
530 1209 587 1270 luit
614 1228 749 1286 auroque
776 1227 831 1287 per
857 1218 955 1270 totum
984 1208 1027 1268 in·

168 1308 262 1370 terius
289 1320 320 1370 et
340 1308 470 1370 exterius
495 1309 709 1370 circumtecta!
749 1309 811 1370 Sed
834 1327 957 1369 onmem
985 1307 1027 1368 in·
1041 1339 1072 1373 10

170 1405 337 1468 honestatis
351 1406 562 1484 negligentiam
576 1406 656 1466 circa
674 1405 766 1467 hbros
780 1406 953 1466 tractandos
971 1423 1027 1466 suo

171 1504 307 1565 Salvator
330 1503 456 1565 exclusit
473 1504 622 1581 exemplo,
643 1503 721 1563 sicut
743 1501 850 1580 legitur
870 1504 972 1563 Lucae
986 1507 1026 1576 4⁰.

113 1594 160 1653 ²28
171 1601 254 1663 Cum
267 1600 350 1661 enim
365 1600 540 1678 scripturam
561 1599 768 1678 propheticam
788 1599 827 1661 de
841 1618 874 1661 se
888 1598 1028 1677 scriptam

172 1696 205 1758 in
233 1697 310 1759 libro
344 1698 454 1759 tradito
490 1697 673 1776 perlegisset,
707 1715 770 1756 non
803 1695 885 1775 prius
918 1695 1027 1756 librum

172 1793 309 1857 ministro
326 1794 462 1870 restituit,
478 1815 569 1873 quam
590 1795 721 1855 eundem
743 1793 804 1854 suis
824 1791 1028 1854 sacratissimis
1043 1822 1053 1857 1
1059 1821 1071 1871 ς

173 1890 313 1952 manibus
325 1890 485 1969 plicuisset
526 1893 598 1968 Quo
614 1893 695 1952 lacto
710 1891 867 1951 studentes
881 1891 1029 1951 docentur

174 1987 337 2050 clarissime
370 1989 451 2049 circa
484 1987 629 2049 librorum
668 1986 839 2048 custodiam
872 1998 1028 2065 quantum·

174 2104 296 2163 cunque
309 2085 435 2146 minima
448 2084 558 2164 negligi
571 2104 634 2146 non
648 2085 769 2146 debere.

176 2266 318 2394 &longari
325 2267 365 2332 Ja
375 2271 385 2326 Η
397 2265 413 2318 8
424 2266 563 2318 bibliotheca
573 2266 601 2315 E
611 2266 709 2330 linguis
716 2266 745 2315 E
754 2262 766 2329 l
776 2277 806 2326 14
816 2264 937 2316 traditam
948 2265 977 2314 D
985 2265 1026 2329 Ja.

191 2344 197 2356 '
282 2347 293 2403 ll

208 2505 312 2570 Moyses
322 2504 477 2566 mitissimus]
494 2505 571 2554 From
582 2505 660 2555 Num.
675 2503 716 2554 xii.
728 2515 751 2567 3.

208 2583 283 2648 liguis
294 2581 395 2646 sethim]
413 2583 460 2648 Cp.
477 2583 523 2632 Ex.
532 2599 588 2632 xxv.
603 2595 640 2642 10,
655 2594 701 2642 113
717 2581 756 2630 for
762 2578 931 2644 imputribilis,
941 2594 980 2644 cp.
993 2579 1026 2629 Is.

177 2661 210 2711 xl
225 2673 258 2711 20
268 2677 277 2722 ς
291 2661 447 2712 circumtecta
458 2660 479 2711 is
490 2660 598 2726 perhaps
609 2659 673 2709 from
685 2658 753 2709 Heb.
767 2657 800 2708 ix.
814 2670 838 2720 4.
