2324 3982
344 337 346 342 s
408 317 603 369 promotos
699 394 700 398 Ν
911 323 925 381 5

80 483 202 546 abortiri
211 483 580 563 compellitur,quinimmo
589 485 629 545 ab
638 493 724 545 utero
732 485 830 544 foetus
840 481 932 544 infor·

80 581 138 643 mis
160 593 352 644 monstruose
371 581 560 660 dirumpitur,
584 592 616 644 et
638 600 694 659 pro
712 580 816 658 paucis
843 579 931 641 mini-

81 679 198 757 misque
212 679 322 758 quibus
335 690 525 741 contentatur
542 691 655 755 namra,
668 680 805 739 alumnos
823 677 932 740 amittit

82 776 226 854 egregios,
248 785 354 854 postea
375 777 598 854 promovendos
619 775 651 836 in
670 775 786 854 pugiles
808 774 879 836 fidei
902 784 933 836 et

80 873 217 934 athletas
261 875 333 934 Heu
347 893 439 951 quam
453 884 577 952 repente
597 875 657 935 tela
673 872 844 948 succiditur,
859 873 932 934 dum
947 895 959 945 ς

80 969 209 1031 texentis
228 986 334 1030 manus
349 969 481 1032 orditur!
516 971 590 1031 Heu
604 972 687 1048 quod
707 971 754 1031 sol
773 969 934 1047 eclipsatur

79 1067 112 1127 in
125 1085 232 1128 aurora
245 1065 407 1128 clarissima
419 1077 450 1128 et
463 1068 584 1145 planeta
592 1067 784 1146 progrediens
791 1066 934 1146 regiratur

79 1164 249 1243 retrograde
273 1182 311 1225 ac
337 1174 474 1225 naturam
497 1174 529 1225 et
557 1163 689 1242 speciem
714 1183 802 1225 verae
829 1165 933 1226 stellae

46 1261 280 1343 9praeteudens
311 1260 411 1322 subito
444 1260 558 1322 decidit
583 1270 615 1322 et
642 1263 676 1322 lit
698 1262 807 1322 assub!
848 1260 930 1338 Quid

79 1356 189 1435 poterit
203 1357 271 1436 pius
283 1359 377 1419 homo
391 1356 500 1420 intueri
521 1356 679 1419 miserius?
719 1356 804 1435 Quid
822 1355 933 1419 miseri·
949 1377 978 1412 lo

79 1454 200 1516 cordiae
211 1455 327 1515 viscera
340 1453 508 1533 penetrabit
520 1454 661 1516 acutius?
701 1454 785 1531 Quid
799 1472 852 1516 cor
863 1473 933 1516 con·

78 1552 209 1630 gelatum
222 1563 256 1612 ut
269 1550 355 1612 incus
369 1551 400 1612 in
409 1553 540 1613 calentes
550 1562 648 1630 guttas
655 1553 784 1612 resolvet
794 1550 933 1613 facilius?

81 1648 222 1727 Amplius
234 1658 393 1726 arguentes
404 1669 423 1710 a
436 1668 526 1710 sensu
534 1648 694 1723 contrario,
707 1659 854 1726 quantum
867 1667 933 1726 pro-

85 1807 88 1811 ’
115 1816 126 1852 1
139 1801 278 1854 abortircz
292 1817 303 1853 1
323 1807 332 1861 ΙΙ
350 1809 524 1854 amenstmtose
536 1817 547 1853 1
564 1808 714 1854 menstmoso
724 1815 740 1853 2
749 1810 881 1854 monstrose
889 1803 929 1870 Ja.

80 1889 95 1944 7
111 1896 178 1929 aura
192 1880 232 1945 Ja.
251 1884 261 1939 ΙΙ
278 1880 460 1946 9dec2'densfit
475 1881 515 1946 Ja.
531 1897 548 1931 a
562 1882 687 1939 subtall
707 1881 840 1931 motinus
861 1893 872 1931 1
892 1881 931 1930 ἐκ·

78 1957 391 2016 tusEacolescrntelel
401 1968 430 2021 13
446 1963 575 2023 argaeum
585 1973 635 2009 om.
650 1959 700 2017 Du

111 2112 159 2162 pro
174 2095 269 2162 paucis]
287 2093 334 2162 Cp.
351 2096 434 2157 Boet,
451 2094 492 2146 De
509 2095 584 2147 Cous.
604 2097 650 2149 Ph.
669 2096 695 2148 ii.
714 2113 753 2163 pr.
765 2105 796 2162 5:
817 2094 933 2148 “Paucis

79 2173 147 2222 enim
158 2172 315 2238 minimisque
326 2179 414 2222 natura
425 2179 543 2224 contenta
552 2180 597 2224 est.
603 2171 617 2196 ”

110 2248 229 2310 athletas]
245 2249 350 2299 Athleta
361 2248 411 2300 Dei
420 2250 443 2299 is
458 2266 474 2300 a
484 2265 601 2300 common
612 2250 703 2315 phrase
712 2250 751 2300 l'or
761 2266 777 2300 a
787 2250 914 2302 Christian
924 2267 932 2312 3

79 2342 108 2376 as
118 2326 157 2376 for
167 2326 277 2376 instance
288 2325 315 2375 in
324 2326 394 2390 John
403 2326 433 2376 of
442 2326 591 2393 Salisbury’s
601 2327 645 2378 life
655 2327 685 2378 οἱ
693 2328 795 2380 Becket.
832 2329 856 2378 1t
867 2329 889 2379 is
899 2344 933 2380 uo

78 2403 159 2453 doubt
170 2403 247 2453 based
258 2419 292 2452 on
305 2403 330 2454 S.
352 2403 434 2453 Paul’s
445 2403 580 2454 references
597 2412 624 2455 to
638 2404 682 2455 the
692 2420 776 2465 arena,
789 2416 805 2454 2
816 2406 882 2456 Tim.
896 2405 929 2456 iv.

79 2489 104 2543 7,
121 2492 131 2528 1
146 2479 204 2530 Cor.
217 2479 251 2530 ix.
265 2479 306 2540 26,
319 2487 366 2530 etc.
397 2481 446 2546 Cp.
460 2481 578 2544 Tertull,
591 2481 635 2531 Ad
645 2489 773 2546 martyres,
788 2494 812 2546 3.

111 2556 256 2618 succiditur}
272 2557 319 2623 Cp.
332 2558 390 2623 Job,
404 2557 439 2608 iii.
451 2558 475 2621 6,
489 2560 531 2609 “a
540 2566 639 2610 texente
649 2560 700 2610 tela
710 2559 871 2622 succiditur,'’
881 2562 932 2612 and

80 2634 114 2684 Is.
128 2634 228 2684 xxxviii.
246 2646 282 2682 12.

112 2710 198 2771 assub}
214 2710 277 2760 This
287 2711 365 2771 word,
379 2711 461 2762 which
471 2712 518 2762 has
531 2713 596 2764 been
611 2713 689 2763 found
704 2714 888 2780 unintelligible
898 2715 933 2780 by

78 2789 123 2839 the
133 2789 235 2848 editors,
249 2789 271 2838 is
281 2788 383 2840 derived
394 2790 458 2840 from
469 2791 512 2841 the
523 2792 681 2842 translations
691 2792 721 2842 of
728 2792 848 2843 Aristotle
859 2791 933 2844 mado

79 2864 144 2915 from
155 2865 198 2915 the
209 2865 309 2926 Arabic,
319 2865 346 2915 in
356 2866 439 2916 which
449 2867 469 2917 it
480 2881 589 2918 meansa
599 2868 687 2932 falling
697 2875 754 2919 star.
785 2868 833 2934 Cp
849 2869 933 2934 Roget

81 2944 175 3005 Bacon,
188 2943 239 3009 Op.
261 2942 335 3008 Mai..
348 2943 384 2994 iii.
401 2957 422 3005 1,
439 2946 641 3011 “impressiones
658 2946 828 2997 inflammatae
838 2947 865 2996 in
875 2962 932 2999 aere

80 3036 112 3070 ex
119 3021 253 3085 vaporibus
263 3019 348 3086 ignitis
358 3020 384 3071 in
393 3022 581 3073 similitudinem
588 3023 724 3084 stellamm,
737 3039 802 3089 qnae
813 3031 933 3075 vocantur

80 3097 189 3148 Arabica
201 3098 284 3148 Assub
290 3097 320 3158 ;''
331 3099 381 3148 and
392 3099 501 3150 Vincent
512 3101 541 3151 ol
549 3101 678 3162 &aurcis
690 3101 762 3166 spec.
773 3102 834 3152 Nat.
847 3103 874 3153 ii.
883 3101 933 3164 843

79 3173 112 3222 ir.
125 3184 156 3236 72
167 3175 199 3235 (“
206 3173 248 3224 De
258 3175 337 3234 Asub,
351 3175 378 3224 id
389 3182 427 3226 est
436 3175 509 3227 stella
516 3177 622 3227 cadente
629 3175 669 3238 ”lr
685 3192 726 3228 sec
737 3179 790 3228 also
799 3179 930 3243 Jourdsin‚

78 3250 245 3302 Traductions
255 3250 401 3314 d'Aristote,
410 3269 454 3318 pp.
468 3252 590 3319 367‚{414.
629 3253 715 3305 Ihave
726 3271 789 3306 even
800 3255 877 3306 found
888 3257 932 3308 tho

79 3329 149 3379 word
165 3328 226 3378 used
243 3329 270 3379 in
289 3336 395 3395 poetry:
413 3346 455 3382 see
470 3331 603 3396 Anonymi
616 3332 747 3383 chronicon
763 3333 932 3398 rhythmum
