2324 3982
177 287 212 340 9,
366 229 367 232 Ὺ
475 268 740 323 aarzoarazou

178 460 283 505 eorum
304 439 399 501 vitula
422 455 485 499 non
505 438 639 500 arsam?
659 436 734 515 quid
756 435 814 499 uisi
837 437 1035 499 Parthenium

178 538 412 614 Pindarumque,
423 533 509 596 cuius
518 533 725 612 eloquentimn
734 535 818 596 nullo
828 535 926 596 modo
934 533 1035 612 potuit

178 635 295 709 imitari,
315 633 505 711 aliquatenus
529 630 715 693 lectitasset?
753 630 838 709 Quid
863 631 1033 707 Sallustius,

177 733 306 807 Tullius,
320 730 452 805 Boetius,
464 725 646 802 Macrobius,
657 725 841 804 lactantius,
855 725 1033 802 Martianus,

178 829 273 892 immo
292 839 357 890 tota
375 827 485 889 cohors
501 823 678 903 generaliter
690 823 875 898 Latinorum,
890 824 918 886 si
937 826 1058 904 Athe-5

178 945 285 989 narum
303 923 405 986 studia
421 925 470 985 vel
490 924 676 986 Graecorum
689 920 843 983 volumina
862 940 928 983 uon
940 921 1032 982 vidis·

110 1028 165 1104 163
179 1024 270 1086 seut?
303 1025 413 1083 Parum
439 1030 521 1082 certe
543 1017 575 1079 iu
596 1017 760 1096 scripturae
784 1016 1032 1096 gazophylacium

179 1120 392 1198 Hieronymus,
406 1116 496 1179 trium
517 1115 685 1194 linguarum
704 1113 825 1192 peritus,
840 1112 1033 1189 Ambrosius,

178 1216 373 1296 Augustinus,
388 1214 440 1292 qui
460 1223 562 1275 tamen
583 1214 715 1275 Graecas
734 1211 846 1273 litteras
865 1231 899 1274 se
923 1214 1034 1275 fatetur

139 1364 143 1371 .
178 1314 288 1388 odisse,
320 1312 416 1374 immo
455 1308 626 1388 Gregorius,
661 1308 716 1386 qui
752 1327 873 1386 prorsus
907 1326 960 1371 eas
999 1327 1034 1372 se
1047 1335 1075 1371 ιο

213 1472 225 1512 ι
236 1459 341 1588 ειιέἕειιῖιι
348 1458 376 1509 E
385 1463 489 1508 merset
499 1455 559 1509 Scb.
569 1450 669 1516 eoehjn
682 1468 713 1506 ro
722 1472 747 1507 se
757 1472 806 1508 orn.
818 1456 846 1510 E
849 1456 906 1508 edd.
920 1456 1035 1508 describi·

180 1545 228 1588 Μ’
287 1571 294 1586 ·
308 1541 319 1594 ll

212 1678 264 1713 non
275 1660 378 1723 arasset]
394 1659 471 1710 From
480 1659 582 1725 Judges,
595 1659 645 1711 xiv.
661 1658 699 1711 18.

213 1737 387 1800 Parthenium]
403 1737 428 1788 Α
439 1736 523 1788 Greelr
533 1743 601 1802 poet,
614 1737 644 1786 of
651 1737 735 1787 whom
742 1753 757 1788 a
765 1737 845 1803 single
851 1736 954 1788 linehas
962 1753 1036 1791 come

180 1817 257 1868 down
267 1823 294 1866 to
304 1831 334 1866 us
345 1815 371 1864 in
382 1829 552 1879 consequence
564 1814 594 1863 oi
604 1814 637 1864 its
651 1814 772 1879 adoption
786 1815 821 1879 by
830 1815 911 1880 Virgil
921 1816 976 1866 into
991 1817 1037 1868 the

182 1892 302 1955 Georgica
313 1891 341 1952 (i.
353 1889 421 1955 437).
457 1891 500 1940 He
507 1906 558 1940 was
568 1891 671 1956 Virgil's
681 1898 748 1942 tutor
759 1892 786 1941 in
797 1892 888 1944 Greek.
918 1893 960 1944 De
968 1894 1036 1959 Bury

181 1967 305 2034 probably
314 1968 387 2017 owed
399 1967 438 2017 his
448 1966 597 2032 knowledge
607 1968 637 2018 ol
649 1967 703 2017 him
713 1968 793 2018 either
803 1975 832 2018 to
842 1969 985 2019 Macrobius
997 1972 1032 2032 (v.

185 2047 225 2108 17)
236 2061 265 2096 or
275 2044 356 2094 Aulus
367 2045 463 2094 Gellius
475 2044 537 2106 (xiii.
551 2045 602 2106 26).

215 2122 411 2186 Pindarumque]
427 2122 475 2186 Cp.
488 2121 606 2184 Quintil,
620 2122 681 2172 Inst.
692 2121 802 2183 Orator„
816 2139 839 2173 x.
852 2136 872 2173 1.
883 2123 913 2173 61
925 2142 932 2176 e
953 2125 971 2152 “
980 2125 1036 2175 Ho-

182 2201 259 2250 ratius
275 2215 333 2250 eum
349 2199 439 2249 merito
453 2199 560 2250 credidit
575 2199 669 2249 nemini
685 2199 861 2260 imitabilem,”
872 2201 992 2265 referring
1007 2208 1036 2252 to

183 2278 248 2327 Hor.
262 2277 426 2327 Carmina.
450 2277 530 2340 Inglis
537 2283 650 2340 suggests
657 2276 712 2327 that
717 2292 755 2327 we
764 2277 854 2327 should
865 2279 924 2328 read
939 2279 1038 2343 “Quid

183 2355 308 2404 Horatius
318 2353 366 2403 nisi
377 2354 538 2403 Parthenium
553 2352 764 2419 Pindarumque,'’
775 2354 858 2405 which
871 2356 893 2405 is
905 2356 1037 2420 ingenious

183 2432 229 2481 but
239 2436 284 2480 not
294 2431 451 2495 oonvincing,
465 2429 561 2494 though
571 2446 611 2480 we
620 2431 701 2495 might
712 2431 831 2496 certainly
839 2432 904 2483 hare
914 2435 1037 2497 expected

183 2516 211 2560 to
221 2507 274 2558 find
284 2524 354 2558 some
364 2508 476 2558 mention
487 2507 517 2557 of
522 2508 632 2558 Horace.

215 2584 431 2650 gazophylacium]
449 2584 499 2649 Cp.
520 2584 600 2644 Lulre,
622 2584 675 2635 xxi.
698 2597 721 2635 1.
756 2584 792 2635 So
812 2586 888 2636 Peter
907 2587 1037 2639 Innbnd

184 2663 272 2728 begins
282 2663 326 2713 the
336 2662 410 2712 Liber
420 2662 626 2712 Sententrhnem:
648 2662 784 2727 “Cupiens
795 2663 890 2728 aliquid
903 2699 912 2714 .
929 2701 937 2717 .
959 2701 967 2717 .
978 2681 1037 2717 eum

183 2741 334 2805 paupercula
345 2741 371 2789 in
382 2737 587 2804 gazophylacium
599 2739 704 2789 Domini
714 2739 838 2790 mittere.”

216 2817 397 2882 Hieronymus]
414 2817 461 2881 Cp.
473 2817 551 2881 Aug..
561 2817 603 2867 De
611 2817 666 2867 Cir.
678 2818 736 2878 Dei,
748 2817 815 2867 xviii.
824 2815 871 2880 44¹2
885 2819 1035 2885 “Hierony-

182 2911 239 2945 mus
249 2896 327 2945 homo
337 2895 496 2944 doctissimus
506 2900 532 2944 et
542 2894 655 2944 omnium
666 2895 741 2944 trium
752 2895 893 2960 linguarum
903 2897 1025 2961 peritus''

215 2971 380 3036 Augustinus]
402 2970 477 3022 Conf.
496 2971 513 3020 i.
534 2981 572 3033 13,
594 2983 653 3034 14:
678 2971 772 3035 “Quid
787 2978 871 3022 autem
882 2981 936 3023 erat
947 2990 1037 3026 musae

184 3064 228 3098 cur
244 3050 353 3099 Graecas
369 3048 463 3098 litteras
478 3047 589 3107 oderam,
608 3046 699 3112 quibus
717 3049 834 3112 puerulus
853 3049 982 3112 induebar,
1005 3067 1037 3103 ne

184 3141 251 3175 nunc
261 3125 362 3190 quidem
373 3124 435 3174 mihi
446 3124 506 3174 satis
517 3124 672 3190 exploratum
683 3123 749 3175 est.’'

217 3199 362 3265 Gregorius]
390 3201 457 3266 Epp.
476 3201 519 3251 vii.
544 3213 594 3264 32.,
625 3202 767 3265 “quamvis
794 3202 907 3254 Graecae
936 3203 1038 3269 linguae

183 3278 280 3328 nescius
289 3275 317 3338 ;’'
333 3277 367 3329 xi,
375 3287 422 3340 74:
443 3280 526 3327 “narn
534 3294 581 3327 nos
588 3293 635 3330 nec
644 3279 739 3330 Graece
746 3279 868 3342 novimus,
880 3296 927 3331 nec
935 3282 1039 3347 aliquod
