2324 3982
442 289 669 343 CAPITULUM
685 291 716 341 Χ
718 291 777 342 m
989 303 1035 354 129

461 800 677 899 Capitulum
701 821 757 896 17.

243 975 305 1051 De
322 976 451 1051 debita
469 975 665 1051 honestate
682 977 779 1050 circa
796 974 973 1052 librorum

380 1103 588 1178 custodiam
606 1101 830 1177 adhibenda

127 1292 164 1349 16
184 1277 274 1351 Non
288 1296 385 1355 solum
401 1296 469 1356 Deo
490 1307 675 1374 praestamus
690 1296 868 1374 obsequium
887 1293 1035 1358 novorum

179 1388 323 1450 librorum
357 1393 563 1469 praeparando
605 1392 766 1468 volumina,
810 1392 864 1453 sed
904 1404 1035 1456 sacratae

179 1485 299 1564 pietatis
312 1507 484 1549 exercemus
498 1489 639 1565 officium,
655 1490 680 1550 si
700 1491 824 1551 eosdem
838 1510 920 1552 nunc
934 1491 1035 1552 illaese

179 1594 349 1660 tractemus,
377 1603 460 1645 nunc
485 1585 559 1646 locis
594 1585 712 1647 idoneis
744 1585 877 1646 redditos
904 1585 1035 1648 illibatae

180 1680 335 1741 custodiae
364 1683 630 1759 commendemus;
650 1693 684 1744 ut
711 1684 862 1761 gaudeant
896 1683 1063 1764 puritate‚5

179 1779 254 1838 dum
266 1781 414 1841 habentur
426 1780 458 1840 in
472 1779 619 1854 manibus,
631 1791 661 1841 et
671 1779 827 1858 quiescant
839 1798 951 1856 secure,
961 1781 1035 1840 dum

179 1873 211 1935 in
227 1875 288 1936 suis
301 1877 451 1938 cubilibus
464 1878 675 1939 reconduntur.
696 1876 845 1938 Nimirum
855 1889 924 1955 post
937 1889 1035 1938 vestes

180 1983 211 2034 et
233 1975 354 2035 vascula
382 1974 498 2053 corpori
520 1975 659 2036 dedicata
684 1973 847 2048 dominico,
871 1975 945 2034 sacri
968 1974 1035 2036 libri

180 2082 332 2132 merentur
358 2071 513 2132 aclericis
534 2071 688 2132 honestius
716 2071 900 2146 contrectari,
926 2071 1035 2148 quibus

133 2195 138 2203 ·
179 2165 291 2228 totiens
316 2167 462 2245 irrogatur
488 2166 604 2242 iniuria,
630 2167 770 2244 quotiens
799 2188 851 2229 eos
872 2169 1035 2246 praesumit
1050 2197 1079 2232 ιο

178 2263 324 2342 attingere
355 2284 462 2325 manus
504 2265 601 2326 foeda.
645 2266 850 2341 Quamobrem
886 2266 1035 2326 exhortari

178 2362 332 2422 studentes
358 2381 447 2439 super
468 2361 654 2440 negligentiis
671 2361 759 2422 variis
786 2372 958 2439 reputamus
982 2382 1033 2424 ex-

179 2458 314 2536 pediens,
344 2477 422 2536 quae
448 2459 534 2520 vitari
561 2458 687 2520 faciliter
713 2478 831 2536 semper
857 2470 981 2536 possent
1004 2470 1035 2520 et

180 2554 355 2616 mirabiliter
368 2554 451 2617 libris
465 2566 585 2616 nocent.

122 2668 165 2727 ³17
223 2653 261 2712 In
276 2652 380 2730 primis
396 2652 519 2730 quidem
540 2652 619 2713 circa
637 2651 807 2713 claudenda
825 2662 855 2712 et
875 2650 1035 2729 aperienda
1050 2682 1078 2730 15

180 2751 333 2812 volumina
360 2749 396 2812 sit
423 2763 540 2813 matura
567 2748 723 2820 modestia,
746 2759 780 2809 ut
803 2767 860 2809 nec
880 2747 1035 2826 praecipiti

180 2848 372 2910 festinatione
394 2849 554 2922 solvantur,
576 2866 635 2906 nec
652 2844 840 2922 inspectione
862 2845 946 2906 finita
970 2845 1034 2906 sine

179 2950 316 3008 clausura
324 2945 428 3007 debita
439 2944 633 3006 dimittantur.
655 2946 758 3021 Longe
770 2961 901 3020 namque
912 2941 1035 3020 diligen-

180 3045 240 3106 tius
254 3044 362 3104 libmm
376 3062 466 3120 quarn
481 3043 616 3104 calceum
630 3039 771 3102 convenit
786 3039 961 3101 conservari.

211 3225 227 3281 6
237 3226 284 3290 qui
297 3216 395 3274 exstent
405 3223 430 3272 B
440 3223 595 3288 requiescant
605 3221 662 3271 edd.
678 3226 687 3279 ΙΙ
702 3234 732 3270 ιο
742 3227 897 3285 presumunt
912 3221 1033 3286 attingere

178 3319 258 3354 manu
260 3303 324 3368 seda
334 3302 391 3352 edd.
407 3306 416 3359 ll
431 3313 460 3364 13
471 3300 570 3350 mutari
582 3313 592 3348 1
606 3299 706 3348 imitari
714 3299 790 3364 vulgo
802 3304 812 3356 Η

605 3393 628 3436 Κ
