2324 3982
414 292 640 346 CAPITULUM
656 293 736 345 XIX.
956 301 1001 356 145

151 465 261 524 festum
273 482 400 540 sequens
414 462 614 524 translationis
626 464 746 542 gloriosi
760 465 893 542 martyris
907 463 1003 524 sancti

151 561 300 621 Thomae.

106 680 138 734 i4
194 659 266 718 Hoc
297 668 397 718 autern
425 658 551 718 omnino
580 657 726 717 adicimus
753 656 837 733 quod
867 656 1001 734 quilibet,

150 757 200 815 cui
227 755 303 816 liber
333 755 439 831 aliquis
472 754 560 815 fuerit
592 755 811 828 commodatus,
843 755 937 815 semel
970 752 1002 814 in

150 871 232 914 anno
257 852 367 912 librum
394 861 563 929 praesentet
590 851 765 912 custodibus
799 859 831 912 et
858 870 943 912 suam
977 853 1030 912 si5

149 947 278 1010 voluerit
290 947 391 1009 videat
411 949 592 1009 cautionem.
633 949 726 1009 Porro
740 948 765 1007 si
778 948 933 1026 contingat
947 949 1003 1009 ior·

149 1047 228 1105 tuito
248 1064 302 1121 per
324 1054 459 1119 mortem,
482 1045 600 1118 furtum,
622 1044 757 1104 fraudem
783 1045 831 1106 vel
857 1045 1002 1105 incuriam

150 1142 261 1202 librum
281 1139 374 1218 perdi,
396 1141 445 1201 ille
466 1142 518 1218 qui
538 1141 670 1218 perdidit
683 1142 730 1201 vel
750 1141 885 1202 eiusdem
899 1160 1003 1219 procu·

150 1249 232 1299 rator
256 1256 308 1298 seu
329 1240 420 1298 etiam
445 1249 586 1299 executor
609 1238 738 1314 pretium
761 1238 827 1298 libri
850 1239 945 1298 solvat
973 1248 1003 1300 et

151 1335 288 1396 eiusdem
315 1332 438 1411 recipiat
468 1335 647 1394 cautionem.
689 1333 783 1411 Quod
815 1331 841 1393 si
866 1333 1047 1410 qualiter-10

151 1450 272 1509 cunque
292 1431 467 1491 custodibus
487 1429 559 1507 ipsis
579 1431 695 1490 lucrum
716 1431 854 1504 evenerit,
877 1431 908 1490 in
929 1429 1003 1490 nihil

151 1529 234 1589 aliud
253 1547 345 1605 quam
363 1526 394 1588 in
408 1527 550 1587 librorum
563 1527 780 1604 reparationem
794 1535 824 1587 et
836 1525 1002 1588 subsidium

152 1633 348 1686 convertatur.

185 1796 201 1844 6
200 1795 315 1860 fortuitu
323 1794 346 1842 A
355 1793 414 1842 BE
422 1797 431 1850 ll
440 1791 455 1841 8
461 1792 588 1857 perdt'tum
599 1792 688 1858 erseJa.
699 1797 709 1852 ΙΙ
723 1806 750 1843 11
760 1794 858 1844 eveniat
868 1795 936 1845 nihil
938 1796 977 1861 Ja.
992 1799 1002 1853 n

154 1886 186 1934 14
196 1873 247 1921 Hz'c
257 1872 349 1920 multas
357 1869 479 1920 librorum
488 1870 632 1920 conditiones
643 1871 733 1920 circam
741 1871 861 1922 libromm
869 1872 1002 1922 mtoda'am

146 1948 317 2015 pradermr'tto
327 1963 353 1998 eo
368 1947 435 2013 quod
447 1947 512 1996 mihi
520 1954 568 2012 pro
579 1949 705 2014 praesenti
714 1949 832 2000 mutatur
841 1951 930 2002 iniuste
939 1951 1002 2000 talto

151 2029 255 2087 recitare
263 2027 299 2075 M
304 2026 345 2091 Ja.

151 2191 231 2242 lation
246 2190 275 2239 oi
289 2189 316 2239 S.
333 2186 445 2237 Thomas
461 2201 512 2237 was
527 2202 560 2237 on
575 2187 634 2252 July
646 2198 670 2250 7,
683 2189 733 2239 and
750 2205 765 2238 a
781 2190 869 2254 period
886 2191 916 2241 oi
927 2207 1001 2242 seven

152 2268 214 2333 days
230 2267 251 2316 is
267 2265 341 2315 much
357 2281 426 2315 more
442 2262 520 2327 likely
535 2263 574 2314 ior
595 2264 656 2315 such
672 2280 705 2315 an
721 2265 860 2331 inspectior
877 2267 937 2318 than
954 2283 1002 2318 one

153 2345 237 2396 olive
249 2342 340 2393 weeks.

186 2421 238 2470 Hic
249 2419 349 2480 multas]
360 2417 416 2468 The
426 2416 576 2483 concluding
585 2418 668 2468 words
678 2418 707 2469 oi
714 2418 757 2468 the
768 2419 871 2484 chapter
881 2420 908 2470 in
916 2420 1002 2486 James

152 2514 195 2548 are
206 2497 282 2548 taken
292 2496 356 2545 from
372 2496 412 2556 M,
425 2494 508 2544 where
523 2495 582 2558 they
592 2510 657 2546 were
667 2496 795 2546 doubtless
807 2497 904 2548 written
915 2498 948 2561 by
959 2497 1002 2548 the

153 2575 257 2640 copyist,
271 2573 328 2622 who
339 2571 445 2637 stopped
459 2578 485 2621 at
501 2571 658 2635 dfferendum
670 2574 721 2634 (see
733 2585 782 2635 240
794 2575 871 2635 ante),
884 2573 1002 2640 omitting

152 2652 197 2703 the
207 2656 256 2700 rest
267 2650 295 2699 oi
304 2649 346 2700 the
357 2649 468 2713 chapter,
482 2653 508 2698 to
519 2647 620 2712 explain
629 2648 669 2698 his
686 2649 763 2714 doing
778 2664 815 2700 so.
851 2648 969 2704 Cocheris
980 2649 1001 2699 is

153 2730 222 2795 quite
232 2743 319 2793 wrong
330 2727 356 2776 in
367 2726 454 2791 saying
463 2725 517 2778 that
528 2725 588 2791 they
593 2740 668 2777 occur
677 2724 704 2776 in
714 2727 748 2775 A.
