2324 3982
516 277 779 350 Parroarsrorr

509 698 726 798 Capitulum
748 727 777 776 1.

266 844 384 940 Quod
401 845 597 924 thesaurus
614 849 820 948 sapientiae
836 850 1031 950 potissime

526 973 575 1049 sit
592 974 629 1049 in
647 974 760 1052 libris.

169 1142 207 1196 Ι4
222 1119 438 1196 Thesaurus
459 1139 665 1202 desiderabilis
686 1139 850 1219 sapientiae
866 1150 898 1202 et
919 1139 1073 1215 scientiae,

219 1256 311 1315 quem
323 1256 430 1300 omues
443 1235 581 1299 homines
593 1255 647 1315 per
658 1237 833 1300 instinctum
852 1249 974 1299 naturae
993 1237 1073 1299 desi·

220 1335 335 1410 derant,
347 1345 472 1397 cunctas
486 1334 594 1396 mundi
607 1334 791 1398 transcendit
803 1334 923 1397 divitias
937 1334 1073 1397 infinite:

220 1431 304 1494 cuius
331 1443 468 1511 respectu
495 1431 611 1510 lapides
637 1431 760 1509 pretiosi
786 1431 935 1494 vilescunt
942 1453 952 1506 ;
985 1431 1074 1492 cuius

220 1529 444 1608 comparatione
457 1539 612 1608 argentum
625 1529 743 1591 iutescit
759 1540 791 1592 et
809 1549 915 1590 annun
928 1530 1073 1608 obryzum
1087 1532 1101 1584 ⁵

220 1627 327 1705 exigua
353 1629 387 1689 tit
413 1646 522 1702 arena;
554 1625 640 1688 cuius
670 1627 829 1704 splendore
861 1627 1074 1689 tenebrescunt

220 1723 297 1786 visui
311 1726 356 1786 sol
370 1735 400 1786 et
410 1725 499 1800 luna;
518 1723 604 1785 cuius
614 1725 737 1786 dulcore
747 1723 876 1786 mirabili
884 1734 1074 1786 amarescunt

171 1832 206 1895 15
220 1821 320 1901 gustui
333 1823 393 1883 mel
405 1832 438 1883 et
447 1840 565 1882 manna
606 1822 635 1884 O
650 1823 733 1882 valor
746 1820 911 1900 sapientiae
924 1840 987 1882 non
1000 1839 1075 1880 mar-

221 1938 344 1981 cescens
364 1938 400 1980 ex
427 1929 571 1997 tempore,
594 1917 687 1979 virtus
707 1917 809 1979 virens
828 1917 959 1993 assidue,
981 1936 1076 1978 omne

253 2072 474 2137 an.scired.Ja.
491 2070 1075 2137 ttdfm'tEii9omne..,habenteomJass

253 2208 395 2268 Thesaurus
406 2214 589 2277 desiderabilis]
606 2214 653 2281 Cp.
668 2216 741 2265 Prov.
756 2212 805 2266 xxi.
820 2227 860 2265 20.

252 2311 359 2348 omnes.
377 2330 384 2346 .
399 2330 406 2346 .
420 2293 573 2354 desiderant]
590 2294 665 2342 From
676 2292 804 2352 Aristotle,
819 2290 996 2358 Metaphysics,
1010 2293 1027 2344 i.
1044 2305 1055 2342 1
1070 2310 1077 2343 ε

220 2371 319 2432 Πάντες
330 2371 457 2436 ἅνθρωποι
468 2371 512 2420 τοῦ
523 2368 613 2421 εἰδέναι
623 2366 750 2433 ὀρέγονται
761 2367 835 2433 φύσει.

253 2447 406 2500 transcendit
416 2447 527 2510 divitias]
544 2447 591 2513 Cp.
603 2446 727 2506 Wisdom,
738 2445 782 2496 vii.
793 2443 818 2507 8,
829 2457 859 2508 9:
879 2445 1006 2496 “divitias
1013 2446 1078 2497 nihil

221 2544 274 2580 esse
286 2526 345 2576 duxi
360 2526 386 2576 in
400 2523 586 2589 comparatione
600 2522 684 2584 illius3
704 2538 751 2573 nec
764 2521 907 2588 comparavi
917 2521 955 2572 illi
965 2522 1077 2588 lapidem

220 2605 364 2673 pretiosum,
377 2602 496 2669 quoniam
507 2617 582 2652 omne
591 2616 679 2650 aurum
690 2599 717 2650 in
727 2600 914 2664 comparatione
924 2599 991 2650 illius
1001 2615 1078 2650 arena

221 2689 258 2735 est
269 2682 367 2746 exigua,
380 2688 405 2731 et
420 2686 540 2744 tanquam
555 2678 636 2729 lutum
651 2676 823 2729 aestimabitur
838 2683 969 2742 argentum
980 2676 1007 2727 iu
1017 2691 1077 2728 oon·

221 2775 233 2810 s
281 2765 308 2809 tu
318 2754 410 2807 illius.''

233 2774 427 2886 pigneboeoeunt
437 2830 501 2882 visui
512 2831 549 2882 sol
561 2838 587 2883 et
598 2830 668 2892 luna]
684 2829 732 2896 Cp.
742 2829 868 2891 Wisdom,
880 2829 923 2881 vii.
938 2842 984 2893 ²9²
1005 2831 1078 2882 “Est

221 2913 290 2963 enim
311 2912 373 2961 haec
392 2908 527 2975 speciosior
547 2909 599 2958 sole
620 2914 647 2959 et
669 2923 744 2973 super
764 2923 866 2958 omnem
885 2906 1077 2972 dispositionem

221 2986 376 3042 stellarum.”

253 3063 421 3125 amarescunt]
437 3060 485 3128 Cp.
508 3060 633 3123 Wisdom,
656 3059 707 3112 viii.
735 3059 781 3112 16:
812 3061 890 3112 “non
911 3059 979 3112 euim
1000 3061 1078 3112 habet

222 3141 414 3196 vastitudinem
425 3139 581 3191 conversatio
592 3136 686 3188 illius.'’

255 3234 306 3269 non
318 3214 482 3280 marcescens]
499 3217 545 3282 Cp.
567 3215 691 3278 Wisdom,
707 3213 741 3266 vi.
764 3226 810 3281 13:
839 3216 929 3282 “quae
948 3229 1077 3281 nunquam

223 3296 352 3347 marcescit
364 3293 512 3361 sapientia.”
