2324 3982
231 295 249 347 6
530 298 793 350 PHILOBIBLON

232 465 1087 547 mittotireipublicaechristianae‚nonquidemSardanaa

232 562 293 641 pali
302 562 530 642 deliciis,neque
538 564 643 626 Croesi
652 563 761 625 divitiis
770 583 909 625 enervare
918 565 1086 641 studentes,

232 660 288 721 sed
301 659 407 722 melius
421 660 627 723 mediocritate
648 660 826 722 scholastica
846 661 996 740 suffragari
1014 680 1088 740 pau·

184 772 221 813 ro
232 756 362 836 peribus,
387 777 424 819 ex
448 769 557 820 eventu
578 757 736 837 praeterito
759 757 957 820 recordemur.
1001 760 1087 836 Quot

233 854 329 916 oculis
342 854 481 930 vidimus,
496 867 571 934 quot
585 875 622 917 ex
635 855 787 934 scripturis
801 855 987 934 collegimus,
1001 858 1086 918 nulla
1100 879 1114 930 ς

233 969 356 1012 suorum
375 953 520 1013 natalium
533 953 665 1015 claritate
683 954 838 1032 fulgentes,
853 953 965 1014 nullius
984 954 1088 1016 haere·

233 1047 334 1110 ditatis
347 1050 538 1112 successione
547 1051 720 1128 gaudentes,
732 1051 785 1111 sed
796 1060 912 1112 tantum
922 1052 1086 1128 proborum

232 1144 363 1207 virorum
376 1145 488 1225 pietate
502 1149 646 1223 suffultos,
662 1147 842 1226 apostolicas
853 1147 1012 1208 cathedras
1025 1166 1087 1210 me·

232 1243 346 1305 ruissel
376 1244 518 1306 subiectis
539 1245 678 1306 fidelibus
702 1243 866 1323 praefuisse
887 1244 1086 1323 probissime!

233 1341 428 1418 superborum
447 1351 478 1403 et
495 1341 668 1403 sublimium
691 1343 768 1403 colla
787 1343 861 1421 jugo
882 1341 1086 1404 ecclesiastico
1102 1361 1132 1398 ro

233 1436 395 1500 subiecisse
411 1449 442 1501 et
451 1458 626 1518 procurasse
639 1437 817 1518 propensius
829 1437 983 1501 Ecclesiae
997 1438 1087 1501 liber·

232 1538 345 1595 tatem!

184 1645 218 1685 11
274 1634 479 1709 Quamobrem
513 1632 697 1712 perlustratis
733 1631 874 1693 humanis
903 1632 1086 1711 egestatibus

233 1748 449 1809 usquequaque
458 1729 628 1792 caritativae
636 1728 1087 1805 considerationisintuitu‚huic

232 1828 357 1888 tandem
387 1827 562 1889 calamitoso
594 1825 695 1905 generi
722 1824 889 1900 hominum,
914 1825 946 1886 in
974 1827 1087 1905 quibus
1102 1859 1130 1910 ¹5

232 1934 333 1986 tamen
347 1936 431 1987 tanta
443 1927 559 1988 redolet
578 1943 646 2003 spes
660 1926 811 2002 profectus
826 1923 989 2000 Ecclesiae,
1003 1945 1087 2003 prae-

232 2022 321 2100 elegit
329 2023 516 2101 peculiariter
523 2035 642 2084 nostrae
651 2020 866 2100 compassionis
875 2021 993 2084 affectio
1000 2023 1087 2101 pium

232 2122 307 2181 ferre
321 2121 503 2199 praesidium
517 2132 548 2182 et
556 2121 672 2183 eisdem
680 2140 741 2181 non
752 2121 848 2181 solum
859 2120 898 2181 de
910 2121 1086 2183 necessariis

231 2217 334 2293 victui,
361 2239 465 2280 verum
497 2220 595 2280 multo
622 2216 716 2298 magis
744 2219 784 2278 de
811 2216 892 2279 libris
919 2217 1085 2280 utilissimis

232 2315 334 2378 studio
347 2315 512 2394 providere.
538 2317 587 2378 Ad
602 2316 683 2377 hunc
692 2317 831 2377 eflectum
842 2315 1084 2393 acceptissimum
1098 2343 1130 2378 ze

265 2472 281 2510 2
298 2477 420 2511 enarrare
428 2460 455 2511 B
467 2461 648 2511 enumerareD
661 2461 776 2510 eruetn‘n
785 2460 809 2510 L
819 2473 830 2510 1
844 2464 853 2518 ΙΙ
867 2473 898 2510 ιο
907 2467 932 2510 et
941 2460 1084 2512 humilium

232 2538 290 2588 edd.
303 2543 312 2597 ΙΙ
324 2547 353 2602 ¹5
364 2539 464 2588 tandem
476 2554 527 2590 om.
540 2539 627 2588 Eram
644 2539 776 2602 calegimso
783 2537 841 2589 edd.
851 2542 861 2596 l
871 2537 901 2588 16
908 2539 1018 2588 ecclcsr'cre
1028 2555 1080 2591 om.

234 2616 259 2665 A
268 2621 277 2675 ΙΙ
285 2617 437 2682 eoaffectum
445 2616 470 2665 A
478 2616 532 2680 jail

231 2756 405 2815 Austnbcum,
416 2755 516 2820 printed
524 2755 550 2804 in
559 2755 639 2815 Pertz,
650 2754 751 2819 Scriptt.
762 2769 819 2804 xxv.
828 2770 855 2820 p
862 2753 919 2818 364.
948 2755 1006 2805 'l'lre
1013 2755 1084 2806 word

231 2850 318 2885 occurs
329 2834 355 2882 in
370 2833 413 2883 the
428 2833 616 2896 Promptorium
630 2832 801 2881 Paruulomm
817 2832 868 2881 and
880 2832 925 2883 the
940 2833 1083 2883 Catholr'con

183 2970 185 2974 Α
231 2914 378 2977 Anglicum,
395 2926 423 2960 es
434 2910 478 2961 the
493 2911 627 2975 rendering
640 2909 671 2960 oi
681 2906 884 2973 ‘sture-sime,³
900 2910 945 2960 the
961 2909 1084 2975 star-jelly

231 2992 357 3056 supposed
369 2998 396 3041 to
411 2992 444 3040 be
458 2987 591 3054 deposited
600 2987 635 3052 by
645 2986 734 3052 falling
749 2993 830 3038 starsr
852 3002 895 3038 see
910 2986 997 3052 Way’s
1012 2995 1082 3049 note,

262 3080 425 3212 mmiboiirm
435 3151 461 3195 et
471 3139 626 3206 sublimium]
637 3140 708 3201 This,
717 3140 829 3204 whichis
840 3141 884 3192 the
893 3141 1035 3206 teudingus
1041 3141 1086 3193 the

230 3224 312 3274 better
326 3223 416 3283 MSS„
430 3236 488 3285 may
504 3220 557 3270 also
571 3219 605 3268 be
621 3219 758 3283 supported
775 3219 811 3283 by
823 3218 891 3284 John
906 3218 936 3269 oi
944 3218 1082 3283 Salisbury,

231 3301 287 3353 Pol.
301 3300 333 3351 iv.
348 3299 374 3360 6,
386 3297 473 3362 odfin.
502 3298 552 3347 But
563 3312 604 3363 cp.
620 3308 631 3346 l
646 3297 699 3347 Pet.
714 3313 738 3347 v.
752 3305 777 3361 5.
