2324 3982
253 302 302 354 ¹44
557 287 821 339 Parnoarnrou

251 475 375 534 cunque
393 476 448 535 per
466 467 528 518 tres
551 458 591 519 de
614 456 774 534 praedictis
801 456 980 518 custodibus
1007 461 1108 520 valeat

251 553 449 630 commodari,
460 553 583 616 nomine
591 565 693 615 tamen
707 573 762 615 suo
776 573 846 615 cum
857 553 908 617 die
920 574 983 633 quo
996 556 1108 618 librum

250 650 448 730 recipitprius
457 662 611 713 annotato.
636 651 1107 730 Nectamenipsepossitlibrum

251 747 310 810 sibi
334 748 477 810 traditum
503 747 589 809 alteri
612 749 817 825 commodare,
835 748 894 810 nisi
914 750 955 811 de
980 769 1107 812 assensu

250 845 341 907 trium
367 847 406 908 de
432 845 609 908 custodibus
636 845 824 924 supradictis,
849 857 880 910 et
906 858 982 909 tunc
1004 850 1134 927 deleto5

250 941 374 1005 nomine
391 942 480 1021 primi
500 961 613 1004 nornen
630 942 757 1005 secundi
776 963 847 1004 cum
867 954 1003 1024 tempore
1017 946 1108 1008 tradi,

250 1040 341 1103 tionis
354 1041 507 1102 scribatur.

179 1158 236 1212 ²42
290 1139 341 1200 Ad
361 1140 558 1200 haecomnia
580 1140 802 1202 observandum
828 1143 970 1202 custodes
995 1142 1107 1220 singuli

250 1237 343 1298 fidem
370 1247 529 1315 praestent,
554 1239 677 1314 quaudo
704 1239 747 1300 eis
771 1239 910 1299 custodia
930 1238 1106 1300 huiusmodi

250 1335 417 1411 deputatur.
464 1336 656 1413 Recipientes
679 1345 780 1396 autem
804 1335 913 1397 librum
936 1337 985 1396 vel
1011 1336 1106 1397 libros
1122 1360 1152 1396 ro

248 1431 363 1492 ibidem
382 1432 522 1493 iuuabunt
539 1431 710 1508 quodcum
722 1433 771 1494 vel
789 1450 842 1493 eus
855 1432 896 1493 ad
907 1433 1002 1494 alium
1014 1453 1107 1496 usum

249 1529 306 1589 nisi
327 1529 368 1589 ad
391 1529 610 1606 inspectionem
633 1539 664 1590 et
691 1530 825 1590 studium
853 1531 1027 1592 nullatenus
1056 1550 1107 1609 ap

249 1627 414 1704 plicabunt,
443 1627 587 1702 quodque
614 1627 699 1685 illum
731 1636 762 1687 et
788 1624 857 1686 illos
884 1638 967 1688 exne
1001 1626 1106 1689 villam

248 1725 453 1786 Oxoniensem
466 1743 536 1784 cum
550 1724 693 1785 suburbio
705 1742 763 1784 uec
776 1723 911 1787 deserent
924 1743 982 1786 nec
996 1726 1106 1788 deferri

249 1822 427 1899 permittent
734 1877 739 1885 .
1120 1843 1148 1894 ¹5

178 1933 236 1993 ²43
290 1918 419 1995 Singulis
439 1929 541 1980 autem
557 1920 643 1979 annis
664 1929 841 1996 computum
867 1919 995 1982 reddent
1021 1939 1106 1998 prae

250 2017 323 2076 dicti
351 2016 491 2076 custodes
520 2018 661 2094 magistro
689 2017 798 2076 domus
826 2027 857 2076 et
883 2019 1003 2078 duobus
1025 2037 1104 2095 quos

248 2131 351 2174 secum
370 2114 486 2173 duxerit
499 2114 538 2175 de
559 2116 620 2174 suis
634 2114 818 2174 scholaribus
832 2116 1037 2189 assumendos,
1054 2117 1105 2177 vel

249 2212 274 2271 si
299 2210 397 2275 eidem
419 2230 481 2271 non
505 2212 662 2285 vacaverit,
684 2221 743 2272 tres
767 2213 891 2288 deputet
917 2213 1103 2291 inspectores

250 2308 325 2368 alios
349 2325 368 2368 a
388 2309 571 2383 custodibus,
588 2310 640 2385 qui
657 2309 798 2368 librorum
820 2309 989 2386 catalogum
1010 2314 1104 2389 perle·
1115 2333 1142 2367 20

248 2416 353 2484 gentes
366 2407 489 2467 videant
502 2407 586 2483 quod
605 2425 710 2466 omnes
725 2406 856 2467 habeant
869 2408 917 2468 vel
930 2405 962 2466 in
975 2409 1103 2469 volumi·

250 2504 338 2564 nibus
352 2503 477 2581 propriis
490 2504 538 2564 vel
553 2505 658 2563 saltem
678 2523 731 2582 per
750 2506 905 2566 cautiones
919 2518 1100 2582 praesentes.

248 2602 300 2661 Ad
318 2602 400 2661 hunc
418 2611 520 2662 autem
537 2610 714 2677 computum
729 2603 962 2678 persolvendum
983 2613 1102 2681 tempus

247 2698 395 2759 credimus
422 2710 624 2777 opportunum
652 2718 670 2758 a
690 2701 826 2761 kalendis
854 2702 924 2761 Iulii
943 2720 1042 2779 usque
1063 2703 1102 2762 ad

281 2860 297 2912 3
302 2850 460 2913 pninriusE
470 2850 527 2901 edd.
542 2855 552 2909 ΙΙ
564 2850 580 2901 8
590 2850 741 2901 observanda
750 2853 789 2917 Ja.
804 2851 816 2916 ΙΙ
826 2866 843 2916 9
852 2855 889 2903 cis
898 2869 949 2905 om.
963 2856 991 2904 E
1002 2859 1012 2913 ΙΙ
1023 2868 1054 2905 12
1064 2857 1105 2906 vel

248 2925 305 2976 edd.
319 2924 330 2989 ΙΙ
344 2938 373 2989 13
395 2928 478 2990 ipsum
499 2927 541 2977 vel
561 2929 624 2993 ipsos
643 2929 683 2993 Ja.
704 2931 713 2987 ΙΙ
733 2941 763 2991 14
784 2946 835 2980 non
856 2931 965 2996 desermt
987 2933 1016 2981 D
1037 2934 1101 2998 Μ

250 3011 279 3066 15
286 3005 440 3068 permittunt
450 3007 478 3055 E
488 3009 498 3064 11
512 3015 541 3066 17
558 3006 659 3055 ducibus
668 3007 707 3070 Ja.
726 3011 735 3064 ΙΙ
754 3006 785 3057 18
800 3008 876 3058 duxit
884 3009 924 3073 Ja.
944 3012 1102 3062 assumendos

247 3095 298 3130 om.
313 3085 347 3138 211
359 3083 560 3146 uoppmunius
569 3083 608 3147 Ja.
619 3084 725 3133 Iurrir'A
738 3085 766 3133 E
775 3100 792 3134 a
803 3100 884 3135 mense
892 3086 957 3136 Iulii
963 3087 990 3135 B
1000 3091 1010 3145 ΙΙ

279 3218 330 3269 kal
351 3219 421 3283 Iulii]
438 3221 519 3285 Apart
534 3220 599 3272 from
620 3221 662 3272 the
681 3222 796 3287 question
806 3223 837 3273 os
854 3223 989 3289 authority,
1007 3226 1059 3277 this
1079 3227 1101 3278 is

247 3295 339 3362 clearly
350 3296 393 3349 the
406 3314 475 3349 more
486 3299 608 3363 probable
621 3300 734 3367 reading.
765 3301 822 3353 The
832 3300 896 3353 feast
910 3301 939 3354 oi
952 3303 996 3355 the
1009 3304 1100 3355 Trans·
