2324 3982
420 299 647 352 caprrtlwrr
669 299 727 353 vra
969 307 1003 367 59

150 471 313 550 putabitur,
328 469 446 533 orbium
459 480 560 532 motus
574 489 688 545 ornnes,
697 468 925 533 coniunctiones
938 473 1001 550 pla·

151 581 298 642 netarum,
326 567 459 647 galaxiae
491 580 627 629 naturam
649 579 679 629 et
703 567 910 646 generationes
936 586 1002 647 pro

150 665 301 744 gnosticas
320 676 505 726 cometarum
519 685 555 725 ac
568 684 766 743 quaecunque
780 665 812 725 in
826 667 911 726 caelo
924 666 1002 729 fiunt

149 764 200 824 vel
218 763 346 838 aethere,
361 763 642 840 comprehendens!
671 761 748 837 Quis
766 773 828 823 tam
838 761 1001 824 infaustum

150 861 371 932 holocaustum,
387 858 439 920 ubi
458 861 528 920 loco
548 858 661 920 cruoris
681 858 850 919 incaustum
871 859 1000 933 offertur,
1017 884 1030 936 5

151 975 214 1018 non
231 956 408 1016 exhorreat?
440 954 493 1015 ubi
512 973 626 1032 prunae
646 955 811 1016 candentes
830 955 1002 1033 pergameni

150 1052 323 1131 crepitantis
340 1052 486 1131 sanguine
503 1054 713 1127 vernabantur‚
728 1051 780 1113 ubi
797 1062 843 1113 tot
861 1052 1003 1113 innocen-

150 1150 227 1211 tium
241 1149 341 1224 millia,
356 1149 388 1210 in
402 1169 529 1227 quorum
541 1169 594 1211 ore
612 1169 674 1210 non
688 1161 734 1211 est
751 1149 907 1211 inventum
921 1169 1003 1214 men-

150 1245 281 1321 dacium,
296 1247 417 1306 flamma
438 1266 529 1306 vorax
547 1246 741 1324 consumpsit,
757 1246 809 1307 ubi
829 1257 875 1307 tot
893 1245 1002 1306 scrinia

150 1341 281 1404 veritatis
290 1355 427 1404 aeternae
436 1342 512 1421 ignis
523 1361 644 1421 parcere
654 1343 791 1404 nesciens
798 1342 830 1403 in
840 1345 1001 1404 faetentem
1017 1367 1047 1402 ro

102 1449 136 1509 >8
150 1438 283 1500 cinerem
293 1440 497 1502 commutavit.
538 1439 665 1501 Minoris
676 1439 815 1500 facinoris
829 1439 1002 1503 aestimatur

149 1547 213 1597 tam
244 1540 352 1615 Jeptae
372 1557 463 1614 quam
484 1537 720 1616 Agamemnonis
739 1536 870 1610 victima,
885 1535 938 1596 ubi
951 1536 1003 1614 pia

148 1633 212 1694 filia
237 1633 319 1712 virgo
345 1634 437 1712 patris
457 1634 560 1712 gladio
581 1633 738 1712 iugulatur.
782 1636 866 1710 Quot
885 1635 1002 1694 labores

150 1731 276 1790 celebris
297 1730 439 1792 Herculis
459 1740 532 1790 tuuc
551 1731 674 1809 periisse
691 1730 872 1809 putabimus,
888 1729 940 1807 qui
961 1732 1002 1792 ob

149 1827 351 1888 astronomiae
369 1826 504 1905 peritiam
518 1828 597 1888 collo
612 1827 745 1888 irreflexo
764 1828 882 1887 caelum
896 1826 1003 1887 descri-
1018 1847 1028 1884 r
1033 1847 1046 1900 5

149 1923 231 1984 bitur
255 1924 416 1998 sustulisse,
440 1944 510 1984 cum
528 1924 587 1984 iam
612 1925 747 1985 secundo
771 1923 900 1984 flammis
926 1926 1002 1985 Her-

149 2021 234 2081 cules
248 2020 286 2082 sit
301 2021 436 2082 iniectus.

185 2177 196 2214 1
209 2165 352 2229 putabatur
364 2166 403 2230 Ja
419 2169 428 2223 ΙΙ
441 2178 455 2214 2
467 2172 562 2215 natura
571 2165 611 2229 Ja.
620 2165 790 2229 prognosticae
798 2164 838 2229 Ja.
852 2169 861 2223 ll
872 2179 889 2227 4
899 2171 1001 2230 compre·
1060 2173 1067 2185 ·

148 2242 298 2292 tenduntur
312 2243 351 2307 Ja„
375 2244 596 2307 comprehendentes
618 2242 675 2292 edd.
697 2245 707 2299 ΙΙ
725 2242 870 2306 opt-inrum
889 2242 1003 2306 2prirne

150 2333 166 2384 3
180 2320 293 2384 pruinae
309 2320 366 2371 edd.
385 2321 495 2370 cadentes
508 2333 518 2370 1
533 2324 542 2378 ΙΙ
557 2333 587 2383 14
593 2326 716 2385 putamur
735 2320 792 2370 edd.
810 2324 820 2378 ss
835 2329 863 2384 15
875 2320 963 2385 rqtexo
974 2319 1003 2369 D

141 2397 212 2462 flexo
221 2397 279 2447 edd.
294 2401 304 2456 11

149 2537 235 2587 tabula
245 2537 348 2597 invenit,
361 2543 389 2586 ut
400 2549 456 2586 eum
468 2537 564 2586 caelum
574 2543 673 2601 portare
683 2532 857 2600 contingerit,”
868 2551 884 2585 a
898 2550 1003 2600 passage

148 2615 216 2666 cited
227 2616 262 2680 by
273 2615 366 2674 Bscnn,
380 2615 430 2679 Op.
444 2615 515 2679 Maj,
530 2630 555 2678 p.
570 2627 610 2676 24.

182 2693 364 2757 generationes]
381 2693 429 2757 Cp.
441 2692 497 2742 Gen
507 2692 533 2740 ii.
543 2706 576 2754 4:
592 2693 608 2718 ‘⁴
616 2687 1003 2756 generationescaelietterrae.”

181 2770 351 2830 mendacium]
367 2770 443 2818 From
455 2770 519 2818 Rev·
531 2769 580 2818 xiv.
594 2777 617 2833 5.

183 2848 236 2898 filia
246 2847 326 2912 virgo]
343 2848 413 2897 Filro
423 2847 495 2897 looks
505 2847 558 2898 like
569 2863 584 2896 a
597 2845 664 2912 gloss
679 2842 827 2895 transferred
842 2850 869 2893 to
882 2842 925 2894 the
940 2848 1001 2904 text,

148 2926 196 2977 but
206 2941 246 2990 cp.
261 2925 294 2976 Is.
309 2926 377 2975 xlvii.
394 2937 414 2975 1.

181 3002 249 3052 collo
271 3001 396 3062 irreflexo]
426 3001 482 3051 The
503 3000 608 3065 reading
629 2999 743 3050 irreflexo
767 2998 789 3049 is
811 2996 947 3062 supported
969 2997 1004 3062 by

149 3079 261 3139 Boetius,
271 3079 312 3128 De
320 3078 394 3127 Cons.
405 3077 481 3137 Phil,
491 3077 524 3127 iv.
536 3085 608 3127 metr.
619 3084 647 3137 7:
667 3077 687 3102 “
696 3075 808 3126 Ultimus
814 3074 911 3125 caelum
917 3073 1003 3124 labore

149 3156 263 3208 irreflexo
276 3155 380 3206 Sustulit
392 3153 484 3214 collo,”
495 3154 577 3204 which
589 3153 663 3217 again
676 3153 698 3202 is
708 3152 810 3201 derived
821 3151 885 3200 from
897 3151 1000 3212 Seneca,

150 3235 229 3285 Herc.
239 3235 261 3283 F
262 3250 309 3294 un,
321 3242 350 3296 71
363 3250 369 3282 r
389 3233 409 3258 “
417 3232 442 3280 N
445 3247 473 3281 ec
482 3231 550 3281 flexit
558 3231 674 3280 humeros
681 3229 755 3280 molis
763 3229 898 3279 immensus
905 3226 1003 3280 labor.”

183 3311 293 3363 secundo
309 3309 428 3371 flammis]
449 3309 505 3359 The
525 3309 577 3359 first
594 3308 654 3358 time
670 3306 755 3371 being,
774 3307 802 3357 of
816 3321 911 3367 course,
928 3304 1002 3357 when
