2324 3982
484 303 708 357 camimum
732 306 775 358 VJ.
1025 317 1054 372 51

203 471 324 534 dentiae
351 473 488 551 propriae
511 474 651 552 producit
678 474 817 551 innisum,
847 475 962 537 innisus
986 496 1056 539 vero

203 569 381 646 prudentiae
394 570 531 648 propriae
548 571 780 633 sollicitudinem
794 583 915 651 generat
929 585 1056 637 terreno

203 686 279 742 rum,
313 666 465 746 nimiaque
499 678 683 730 terrenorum
715 669 886 732 sollicitudo
916 671 1057 733 librorum

202 763 310 825 adimit
333 775 395 826 tam
421 784 554 826 amorem
578 785 670 843 quam
694 765 834 841 studium,
858 777 888 829 et
911 767 955 829 sic
976 768 1057 830 cedit

169 885 172 889 ⁴
203 871 363 939 paupertas
383 861 474 924 hodie
494 882 548 940 per
565 865 694 924 abusum
714 863 746 924 in
760 863 843 925 verbi
863 864 922 926 Dei
940 864 1084 943 dispens

204 957 297 1033 dium,
327 977 417 1037 quam
445 971 567 1038 propter
593 959 688 1038 ipsius
715 962 813 1022 solum
840 962 1056 1024 adminiculum

203 1052 343 1130 elegistis.
711 1105 713 1111 .

149 1164 189 1222 93
245 1148 372 1210 Vncinis
382 1169 550 1227 pomorum,
562 1160 596 1212 ut
608 1151 738 1228 populus
748 1151 906 1227 fabulatur,
917 1155 1058 1231 puerulos

201 1245 438 1325 ad‘religionem
459 1247 615 1322 attrahitis,
639 1267 716 1327 quos
740 1250 889 1325 professos
913 1249 1056 1312 doctrinis

203 1361 266 1402 non
280 1342 422 1406 instruitis
434 1344 465 1404 vi
479 1354 510 1405 et
524 1355 616 1420 metu,
631 1344 709 1406 sicut
723 1344 811 1424 exigit
830 1356 911 1407 aetas
925 1345 985 1420 illa,
1003 1348 1057 1409 sed
1072 1375 1102 1411 ιο

203 1439 412 1503 mendicativis
425 1441 607 1502 discursibus
622 1441 774 1504 sustinetis
793 1442 949 1504 intendere
967 1455 1057 1522 atque

203 1548 322 1616 tempus
335 1558 397 1616 quo
411 1549 535 1616 possent
553 1538 718 1614 addiscere,
733 1539 764 1600 in
784 1541 940 1617 captandis
954 1540 1058 1602 favori-

202 1637 260 1696 bus
273 1636 437 1698 amicorum
450 1655 626 1698 consumere
637 1635 744 1713 sinitis,-
751 1636 783 1696 in
797 1639 940 1698 offensam
954 1658 1057 1716 paren·

203 1743 277 1807 tum,
292 1751 452 1810 puerorum
466 1732 631 1811 periculum
650 1744 680 1794 et
699 1734 811 1795 ordinis
832 1735 1053 1798 detrimentum.

148 1845 189 1903 94
204 1829 314 1907 Sicque
327 1829 468 1890 nimirum
481 1829 627 1908 contingit
640 1832 724 1907 quod
742 1830 795 1908 qui
813 1831 927 1909 parvuli
940 1832 1056 1894 discere
1071 1857 1100 1907 ις

202 1926 326 1988 minime
340 1930 523 2005 cogebantur
536 1927 629 2002 inviti,
644 1927 816 2004 grandiores
832 1929 930 1990 effecti
945 1931 1055 1992 docere

236 2125 248 2162 1
262 2113 379 2162 innisum
395 2113 496 2162 innimes
509 2114 534 2164 A
546 2114 574 2164 E
583 2114 612 2164 in
626 2115 712 2164 mmm
727 2114 828 2164 inuisus
838 2115 864 2164 B
874 2115 903 2163 in
916 2115 998 2164 virum
1009 2116 1055 2165 In·

201 2190 274 2239 ηιξκιε
289 2190 319 2238 D
334 2190 449 2239 invirum
465 2191 566 2240 invehas
579 2191 620 2255 Ja.
633 2191 752 2256 propriae
769 2225 776 2241 .
795 2226 801 2241 .
820 2225 828 2242 .
847 2225 853 2240 .
867 2191 987 2256 propriae
1003 2206 1052 2240 om.

201 2267 260 2318 edd.
280 2272 290 2325 ss
306 2281 323 2329 4
338 2268 479 2318 studiorum
494 2269 552 2320 edd.
573 2272 582 2326 ΙΙ
599 2277 614 2332 5
631 2285 705 2318 usum
722 2270 746 2319 A
770 2273 779 2327 ΙΙ
802 2267 818 2318 6
833 2269 975 2333 zpriusom.
995 2268 1024 2318 D

204 2355 232 2394 11
245 2345 400 2394 medicatim's
409 2346 435 2394 A
447 2344 476 2394 D
486 2346 665 2395 mendicatun's
672 2347 713 2411 Ja.
726 2349 735 2404 ΙΙ
750 2357 781 2395 12
789 2331 818 2395 in
826 2361 876 2410 quo
883 2345 923 2410 Ja.
938 2350 948 2404 ll

235 2533 355 2595 innisum]
371 2533 435 2589 This
445 2535 515 2584 word
527 2549 607 2585 seems
617 2539 662 2584 not
674 2541 701 2583 to
712 2549 786 2584 occur
794 2532 945 2594 elsewhere,
950 2533 1001 2582 and
1011 2533 1055 2585 the

202 2610 296 2662 editors
306 2611 371 2660 have
378 2610 423 2662 left
434 2611 478 2660 the
488 2625 594 2676 passage
604 2611 631 2660 in
641 2617 712 2676 great
722 2610 853 2660 confusion
863 2627 870 2660 ε
887 2603 949 2660 ereis
959 2611 1053 2675 James,

201 2687 299 2752 though
326 2687 358 2737 he
387 2688 505 2738 observes
530 2689 557 2737 in
586 2688 629 2737 the
655 2689 755 2752 margin
774 2687 932 2751 “legendum
948 2687 1055 2738 arbitror

201 2762 338 2825 innisum,'’
349 2764 433 2815 leaves
446 2765 490 2815 the
505 2771 558 2814 text
570 2763 708 2825 unaltered,
722 2764 806 2813 which
822 2765 854 2814 he
867 2763 951 2812 would
964 2758 1055 2828 hardly

201 2841 267 2892 have
278 2842 352 2901 done,
366 2840 388 2890 if
401 2841 434 2891 he
445 2841 496 2891 had
512 2857 571 2891 seen
586 2841 641 2891 that
659 2841 702 2891 the
717 2841 843 2891 reference
858 2840 880 2889 is
891 2847 918 2889 to
929 2841 1001 2891 Prov.
1016 2841 1052 2893 iii.

202 2925 237 2981 5²
254 2919 360 2968 “Habe
377 2918 493 2968 fiduciam
510 2919 538 2968 in
560 2918 673 2968 Domino
695 2934 726 2968 ex
746 2918 893 2968 totocorde
911 2923 956 2967 tuo
975 2925 1001 2968 et
1020 2933 1053 2969 ne

201 2993 316 3045 innitaris
326 2995 473 3060 prudentiae
484 2993 569 3046 tuae.'’
600 2996 622 3045 F
623 3011 652 3045 or
661 2994 800 3060 diffidentia
809 3010 848 3059 cp.
864 2994 956 3058 Ephes.
970 2995 997 3045 ii.
1011 3008 1035 3046 2.

233 3073 331 3123 uncinis
347 3072 490 3138 pomorum]
515 3073 592 3123 From
608 3073 697 3134 Amos,
717 3072 768 3122 viii.
797 3085 818 3122 1.
853 3074 910 3122 The
925 3073 1053 3137 phraseis

200 3150 337 3200 translated
353 3151 380 3200 in
396 3151 439 3202 the
454 3151 523 3201 AV.
543 3152 584 3200 “a
598 3151 688 3201 bashet
705 3151 734 3200 of
747 3166 856 3201 summer
872 3148 995 3214 fruit‚''in
1009 3152 1053 3203 the

201 3228 293 3292 Douay
303 3228 336 3278 V.
355 3229 395 3277 “a
405 3227 475 3278 book
486 3235 513 3279 to
523 3227 593 3277 draw
603 3228 679 3278 down
690 3225 775 3279 nuit”

233 3304 372 3366 sustinetis]
389 3305 436 3370 Cp.
450 3305 537 3356 2Cor.
552 3305 584 3354 xi.
599 3317 640 3357 ω.
