2324 3982
236 290 282 340 114
532 274 796 327 PHILOBIBLON

233 446 418 509 nescientem
446 444 587 507 fatebitur
608 446 709 507 adhuc
735 443 829 522 loqui,
852 445 902 505 vel
927 442 1097 506 imitabitur

235 555 425 607 resonantem
439 542 471 604 in
485 544 640 605 montibus
652 543 719 604 altis
735 543 820 605 echo.
853 545 1000 603 Amorem
1010 561 1096 604 nam·

235 662 295 720 que
308 642 450 703 librorum
465 659 598 702 amorem
614 639 778 717 sapientiae
791 649 910 701 constat
924 659 1001 714 esse,
1016 639 1096 701 sicut

165 748 220 806 192
238 745 276 800 2⁰.
291 745 369 818 cap⁰.
384 749 429 800 est
443 740 612 816 probatum.
654 738 718 798 Hic
738 749 840 799 autem
859 755 944 798 amor
964 737 1096 814 philoso

236 837 308 915 phia
328 839 446 899 Graeco
468 836 618 896 vocabulo
635 846 834 912 nuncupatur,
848 833 934 895 cuius
952 833 1095 894 virtutem
1109 857 1122 909 5

237 936 319 994 nulla
343 944 443 994 creata
470 929 668 1010 intelligentia
688 930 925 1009 comprehendit,
950 930 1096 1008 quoniam

237 1050 306 1092 vere
314 1031 446 1091 creditur
453 1032 602 1090 bonorum
612 1028 748 1089 omnium
763 1047 828 1089 esse
844 1038 956 1089 mater:
970 1031 1040 1106 Sap.
1058 1034 1095 1104 7⁰.

237 1130 348 1188 Aestus
370 1126 483 1205 quippe
504 1124 667 1186 camalium
691 1125 832 1186 vitiorum
857 1124 944 1203 quasi
966 1125 1098 1186 caelicus

239 1245 288 1286 ros
312 1222 465 1301 extinguit,
490 1224 563 1283 dum
589 1233 690 1283 motus
712 1222 847 1282 intensus
868 1221 1013 1283 virtutum
1034 1222 1098 1282 ani-

237 1322 360 1382 malium
388 1320 465 1381 vires
492 1320 673 1381 naturalium
700 1319 844 1380 virtutum
871 1318 1004 1394 remittit,
1033 1319 1098 1380 otio
1112 1343 1140 1376 ro

239 1420 358 1498 penitus
368 1421 576 1496 effugato,qu0
586 1418 704 1477 sublato
715 1415 829 1494 periere
839 1415 1002 1494 Cupidinis
1011 1436 1099 1477 arcus

240 1536 352 1578 omnes.

170 1627 226 1686 193
282 1613 366 1676 Hinc
381 1615 467 1675 Plato
481 1612 513 1672 in
531 1613 714 1674 Phaedone:
744 1614 782 1671 In
796 1612 864 1686 hoc,
881 1610 989 1688 inquit,
1003 1611 1099 1672 mani-

241 1713 334 1772 festus
346 1721 391 1771 est
401 1709 608 1788 philosophus,
621 1709 646 1770 si
657 1709 784 1771 absolvit
794 1709 926 1769 animam
937 1728 955 1769 a
966 1709 1100 1788 corporis

278 1896 288 1933 1
308 1881 461 1946 confitebitur
476 1882 533 1932 edd.
548 1879 586 1944 114
607 1887 756 1945 conpertum
773 1881 811 1943 Ja.
827 1879 863 1944 115
888 1881 1031 1946 appellatur
1053 1881 1098 1939 Bll

243 1962 258 2010 6
275 1967 389 2010 creatura
404 1960 444 2023 Ja.
460 1964 469 2016 11
482 1968 495 2021 7
507 1975 563 2008 vere
578 1956 631 2009 om.
643 1959 700 2008 edd.
715 1963 724 2016 ΙΙ
739 1971 765 2008 11
785 1965 855 2023 arus·
864 1960 888 2007 A
905 1974 988 2008 omncs
1003 1975 1056 2010 om.
1070 1959 1107 2007 M

242 2040 281 2103 Ja.
292 2043 301 2096 ΙΙ
310 2050 340 2086 12
343 2036 448 2101 fedrom
459 2037 531 2087 codd.
543 2041 553 2094 ΙΙ

277 2193 404 2242 montibus
424 2193 481 2242 altis
497 2192 571 2253 echo]
588 2193 636 2256 Cp.
656 2191 738 2242 Wisd.
758 2192 816 2243 xvii.
839 2191 887 2242 18:
906 2193 1054 2242 “resonans
1071 2193 1103 2243 de

245 2271 370 2321 altissimis
381 2271 508 2319 montibus
522 2268 619 2319 Ech0.’'

277 2364 330 2397 esse
343 2347 431 2409 mater]
448 2347 528 2397 Wisd.
542 2348 582 2397 vii.
597 2359 644 2396 12:
664 2348 681 2373 “
691 2346 797 2396 laetatus
805 2347 1026 2406 suminomnibus,
1041 2363 1103 2412 quo·

245 2426 312 2474 niam
330 2425 492 2474 antecedebat
511 2440 551 2473 me
570 2424 618 2472 ista
634 2420 765 2488 sapientia,
783 2430 809 2472 et
824 2423 971 2486 ignorabam
983 2425 1103 2488 quoniam

246 2504 335 2552 horum
347 2503 458 2551 omnium
469 2510 549 2550 mater
560 2507 604 2550 est.
610 2499 624 2523 ''

279 2581 343 2628 vires
365 2577 479 2638 remittit]
504 2579 662 2642 Apparently
683 2577 747 2627 from
764 2579 910 2628 Avicenna:
930 2593 970 2642 cp.
991 2577 1101 2638 Holkot,

248 2658 329 2721 Super
342 2657 411 2720 Sap,
426 2655 442 2705 f.
460 2664 527 2718 1550.
542 2655 673 2704 Animalis
683 2672 716 2703 =
727 2656 796 2719 quod
807 2655 916 2710 animam
927 2661 1026 2718 spectat
1037 2672 1044 2702 r
1063 2670 1105 2704 see

248 2736 377 2797 Ducange.

281 2809 452 2875 arcusomnes]
465 2812 541 2860 From
547 2811 623 2871 Ovid,
631 2811 734 2860 Remed.
743 2811 814 2870 Am,
824 2822 886 2872 139:
907 2810 926 2835 “
934 2809 995 2860 Otia
1003 2810 1024 2859 si
1031 2810 1106 2860 tollas

249 2891 344 2954 periere
352 2889 482 2953 Cupidinis
490 2904 560 2937 arcus
568 2888 849 2952 Contemtaequejacent
858 2894 884 2936 et
892 2887 946 2936 sine
952 2886 1086 2938 lucefaces
1092 2886 1106 2910 '³

250 2968 305 3017 The
317 2967 419 3030 reading
430 2967 456 3014 in
468 2966 534 3015 Ovid
546 2982 597 3015 was
609 2965 743 3015 uncertain.
787 2965 835 3015 See
847 2964 979 3013 Robinson
991 2964 1066 3024 Ellis,
1080 2965 1106 3013 in

248 3045 384 3109 Journ.‚of
393 3044 457 3093 Phil.
472 3060 511 3093 xv.
524 3043 581 3104 246,
594 3044 651 3092 who
663 3052 734 3092 notes
745 3043 800 3092 that
811 3044 831 3093 it
842 3045 863 3092 is
875 3042 941 3091 cited
950 3042 977 3090 in
988 3041 1105 3091 Neckam

250 3138 278 3171 as
298 3119 392 3169 ‘artes’
427 3121 504 3170 Ilind
516 3121 534 3169 it
550 3121 643 3183 quoted
655 3121 680 3168 in
692 3119 800 3180 Holkot,
815 3120 896 3184 Super
913 3119 972 3183 Sap.
978 3155 985 3180 ,
999 3118 1016 3168 f.
1033 3129 1102 3182 174a,

250 3199 312 3248 with
323 3213 404 3257 arcus,
418 3198 467 3245 and
479 3197 495 3246 s.
511 3197 576 3246 208b
589 3198 648 3245 with
660 3203 732 3246 ortes.

284 3276 311 3323 in
328 3275 471 3335 Phaedone]
488 3276 555 3337 6413:
573 3273 650 3335 δῆλός
667 3275 733 3324 ἐστιν
748 3272 761 3324 ὁ
781 3273 913 3339 φιλόσοφος
932 3273 1052 3324 ἀπολύων
1068 3273 1107 3325 ὅτι
