2324 3982
358 300 587 355 aratrorum
608 300 685 356 rm.
908 311 944 371 ,ας

90 463 160 542 plus
179 460 352 540 antiquitati
371 461 535 526 discendae
555 484 647 542 quam
660 465 778 528 veritati
797 464 946 530 subtiliter

90 560 304 639 producendae
318 559 378 620 iam
392 561 502 635 studet,
515 560 540 622 si
550 561 717 640 Anglicana
726 561 945 640 perspicacitas,

89 675 171 734 quae
197 656 327 735 antiquis
351 659 472 736 perlusa
493 657 688 721 luminaribus
711 679 807 721 novos
827 678 947 738 semper

89 753 194 816 radios
216 753 328 816 emittit
346 752 488 831 veritatis,
512 755 673 834 quicquam
691 757 732 818 ad
753 767 945 834 augmentum

91 849 236 912 scientiae
247 852 295 912 vel
316 850 550 913 declamationem
563 852 636 914 fidei
655 854 871 930 promulgabat,
886 854 973 924 hocs

90 946 194 1010 statim
212 947 322 1010 nostris
340 967 445 1010 recens
462 948 677 1010 infundebatur
693 949 845 1012 auditibus
863 952 946 1012 nullo

90 1044 280 1124 denigratum
298 1045 509 1107 seminiverbia
529 1048 674 1124 nulloque
693 1066 810 1126 nugace
828 1067 947 1127 corrup

91 1152 167 1216 turn,
188 1143 242 1204 sed
256 1144 296 1205 de
309 1144 411 1220 praelo
432 1143 581 1221 purissimi
602 1145 755 1205 torcularis
775 1145 807 1206 in
828 1155 946 1207 nostrae

94 1238 258 1301 memoriae
272 1239 355 1301 dolia
368 1241 586 1301 defaecandum
597 1241 750 1302 transibat.

20 1351 78 1414 135
133 1339 213 1400 Cum
230 1357 302 1399 vero
322 1356 379 1398 nos
401 1339 440 1399 ad
462 1337 598 1399 civitates
619 1348 649 1399 et
672 1340 739 1399 loca
760 1338 946 1417 contingeret
960 1365 991 1402 ro

91 1434 254 1509 declinare,
277 1434 331 1496 ubi
352 1434 478 1512 praefati
501 1454 647 1512 pauperes
670 1446 838 1496 conventus
855 1436 946 1501 habe·

91 1533 177 1606 bant,
196 1551 301 1594 eorum
319 1531 446 1592 armaria
465 1551 502 1592 ac
523 1551 721 1609 quaecunque
740 1531 883 1593 librorum
904 1553 947 1596 re·

90 1625 236 1707 positoria
248 1627 368 1690 visitare
381 1647 444 1688 non
457 1627 553 1706 piguit
561 1649 571 1704 5
591 1628 685 1689 immo
701 1628 744 1689 ibi
757 1628 789 1689 in
804 1628 947 1691 altissima

128 1797 224 1852 rquam
232 1802 282 1837 om.
296 1787 325 1836 D
335 1790 346 1845 11
354 1800 371 1848 4
379 1786 541 1852 qus'cqua'dJa.
553 1786 631 1837 Cocb.
642 1786 675 1844 116
685 1786 792 1836 auribus
802 1785 858 1838 edd.
874 1791 907 1852 117
918 1788 949 1838 de

95 1862 234 1926 aa'rgr'atm
248 1863 275 1912 B
285 1864 473 1927 deuirginatum
484 1864 511 1912 E
524 1863 654 1912 semiverbo
665 1863 723 1913 edd.
735 1863 894 1914 seminiverbo
901 1865 942 1930 Ja.

90 1939 229 1989 maerim
243 1939 319 1990 Gold.
328 1941 390 1990 semi
398 1940 480 1989 verbio
490 1940 569 1990 Cocb.
581 1940 722 2004 nugacitate
732 1940 789 1991 edd.
804 1944 813 2000 11
825 1952 841 2005 9
852 1940 946 1992 alam

90 2017 131 2082 Ja.
145 2016 302 2081 dgfmndum
311 2018 335 2067 Α
346 2016 511 2081 dejurandum
521 2017 548 2065 B
556 2021 565 2076 11

124 2154 262 2217 auditibus]
278 2154 328 2220 Cp.
341 2155 383 2205 Ps.
397 2154 415 2205 l.
432 2168 469 2206 10.

124 2232 312 2294 seminiverbio]
329 2232 400 2282 Even
414 2233 500 2298 James
516 2247 621 2297 appears
636 2239 681 2283 not
697 2239 724 2284 to
739 2231 804 2283 bave
818 2247 877 2284 seen
891 2231 947 2283 that

91 2311 143 2362 this
159 2311 180 2361 is
196 2310 287 2375 simply
303 2310 346 2360 the
362 2310 471 2374 Vulgate
487 2311 619 2376 rendering
634 2309 665 2360 oi
677 2310 846 2376 σπῳμόλογος
861 2310 887 2360 in
903 2309 947 2360 the

91 2389 164 2448 Acts,
181 2387 240 2438 xvii.
261 2387 298 2439 18.
335 2386 414 2438 Cocb.
429 2387 479 2436 and
495 2387 575 2451 Inglis
589 2387 664 2438 make
674 2403 690 2437 a
699 2395 769 2452 great
782 2403 847 2438 mess
862 2386 892 2437 ol
903 2387 947 2438 the

91 2465 246 2516 translation.

124 2558 211 2592 eorum
221 2540 337 2603 armaria]
365 2541 422 2592 One
433 2541 463 2591 os
473 2541 516 2592 the
527 2541 596 2592 chief
603 2542 752 2606 complaints
764 2541 838 2590 made
849 2541 947 2604 against

91 2619 135 2669 the
146 2619 288 2669 mendicant
300 2619 385 2668 orders
396 2619 430 2682 by
442 2619 510 2682 Abp.
521 2619 658 2682 Fiuralph,
669 2626 695 2669 at
707 2618 827 2681 Arignon
838 2618 864 2666 in
873 2626 945 2680 1357,

90 2711 144 2746 was
153 2695 208 2746 that
216 2696 276 2760 they
284 2696 458 2760 monopolized
466 2696 564 2747 books:
585 2697 697 2745 “omnes
708 2703 824 2744 emuntur
831 2710 847 2744 a
855 2695 947 2744 Fratri·

90 2775 148 2834 bus,
160 2774 196 2823 ita
206 2774 271 2824 utin
285 2773 389 2838 singulis
402 2774 566 2823 conventibus
581 2773 614 2823 sit
629 2789 679 2822 una
696 2773 797 2838 grandis
812 2787 842 2821 ac
855 2771 947 2822 nobilis

90 2849 193 2901 libraria
206 2848 237 2912 ;”
264 2865 306 2900 see
333 2850 376 2900 the
403 2850 577 2914 Dffemararem
608 2849 769 2909 curatorum,
793 2847 894 2912 printed
920 2847 948 2898 in

92 2926 206 2978 Brown’s
217 2926 368 2987 Fasciculus,
382 2927 417 2976 iii.
432 2935 490 2988 474.

124 3005 245 3054 altissima
258 3002 415 3068 paupertate]
433 3004 509 3052 From
524 3015 541 3053 2
556 3002 615 3052 Cor.
630 3001 679 3051 viii
698 3013 722 3051 2.
758 3001 807 3065 Cp.
823 3000 866 3050 the
881 3001 948 3052 Rule

91 3082 122 3133 os
141 3083 168 3133 S.
194 3082 303 3142 Francis,
329 3097 351 3132 c.
376 3081 410 3130 6:
440 3082 538 3130 “Haec
559 3086 597 3130 est
619 3079 663 3128 illa
684 3078 806 3128 celsitudo
826 3079 948 3130 altissima

91 3159 246 3226 paupertatis
267 3174 332 3224 quae
354 3173 399 3208 vos
420 3158 560 3208 carissimos
582 3157 668 3206 fratres
690 3171 760 3206 meos
781 3156 900 3207 haeredes
921 3163 948 3207 et

91 3253 163 3302 reges
173 3236 243 3302 regni
254 3235 379 3287 caelorum
390 3233 523 3286 instituit.”
541 3234 707 3296 (Holstenius,
720 3233 808 3285 Codex
819 3234 900 3300 Regg.
908 3233 944 3285 iii.
