2324 3982
480 306 706 362 CAPITULUM
722 307 773 360 IV.
1013 306 1046 371 '27

192 475 363 538 intellectus
380 474 488 537 imbuti
509 477 668 538 cathedras
689 475 834 538 scanditis
853 474 1045 555 magistrales,

192 572 293 634 vocati
313 574 353 634 ab
382 572 555 635 hominibus
577 573 688 634 Rabbi.
729 575 788 634 Per
808 592 874 648 nos,
896 573 928 634 in
950 572 1046 634 oculis

192 668 338 738 laicorum
356 668 507 731 mirabiles
525 671 608 731 velut
630 689 738 748 magna
757 669 865 731 mundi
878 668 1046 746 luminaria,

193 766 355 846 dignitates
372 765 517 828 ecclesiae
537 767 703 828 secundum
725 777 820 828 sortes
838 766 933 827 varias
952 765 1047 844 possi·

138 883 176 944 51
193 863 278 926 detis.
321 866 380 924 Per
391 883 457 938 nos,
469 883 537 924 cum
551 864 652 925 adhuc
666 863 792 924 careatis
800 882 945 942 genarum
958 865 1044 924 lanu·
1060 873 1074 926 5

192 959 270 1040 gine,
286 959 318 1021 in
338 970 437 1022 aetate
455 972 558 1022 tenera
578 959 731 1022 constituti
749 970 902 1022 tonsuram
921 959 1045 1038 portatis

191 1055 225 1117 in
237 1056 356 1131 vertice,
371 1056 550 1135 prohibente
562 1056 662 1117 statim
676 1055 878 1118 ecclesiastica
896 1054 1045 1117 sententia

192 1152 400 1215 formidanda:
430 1152 533 1214 Nolite
555 1163 676 1232 tangere
694 1152 830 1214 Christos
855 1172 940 1215 meos
961 1162 991 1214 et
1012 1151 1045 1213 in

191 1249 349 1328 prophetis
372 1249 563 1333 meissnolite
582 1249 754 1328 malignari3
786 1250 887 1328 etqui
909 1270 962 1312 eos
980 1249 1045 1312 teti-

191 1347 266 1425 gerit
297 1359 410 1409 temere
436 1345 583 1409 violenter
596 1346 805 1409 ,anathematis
832 1347 955 1409 vulnere
981 1345 1044 1408 ictu
1059 1360 1090 1398 ¹0

191 1443 313 1521 proprio
326 1443 462 1521 protinus
475 1443 605 1505 feriatur.

137 1565 177 1626 5²
232 1540 372 1601 Tandem
398 1549 496 1601 aetate
524 1541 738 1601 succumbente
765 1537 905 1613 malitiae,
933 1539 1045 1617 figurae

192 1636 408 1715 Pythagoricae
435 1635 548 1698 bivium
575 1637 756 1715 attingentes
781 1655 898 1696 ramum
925 1637 1045 1697 laevum

192 1731 300 1812 eligitis
313 1743 343 1795 et
356 1743 517 1795 retrorsum
531 1735 678 1795 abeuntes
695 1744 807 1795 sortem
821 1731 947 1795 Domini
958 1752 1044 1811 prae·

190 1841 375 1907 assumptam
401 1829 562 1906 dimittitis,
587 1829 662 1892 socii
689 1831 760 1891 sacti
786 1833 903 1906 surum3
938 1829 1041 1908 sicque
1058 1850 1088 1902 ις

191 1944 309 2005 semper
321 1927 511 2006 proficientes
531 1928 563 1988 in
577 1928 670 2005 peius,
685 1927 856 2002 latrociniis,
871 1927 1044 1989 homicidiis

190 2034 221 2086 et
235 2024 405 2102 multigenis
418 2024 613 2103 impudicitiis
624 2024 775 2100 maculati,
785 2036 847 2086 tam
861 2027 1044 2103 famaquam

190 2120 374 2182 conscientia
383 2123 530 2182 tabefacta
539 2121 914 2198 sceleribus,compellente
923 2119 1043 2196 iustitia,

189 2217 222 2278 in
233 2217 358 2280 manicis
370 2228 399 2279 et
409 2218 606 2296 compedibus
614 2217 767 2293 coarctati,
780 2218 938 2279 servemini
948 2227 1045 2279 morte

225 2375 237 2413 1
251 2363 340 2413 induti
347 2363 387 2429 Ja-
399 2367 432 2427 ll3
444 2363 545 2413 lumina
555 2364 584 2413 D
594 2365 603 2425 ΙΙ
614 2373 629 2428 5
640 2363 757 2413 currebatis
768 2363 826 2414 edd·
838 2368 847 2422 ll
861 2373 875 2426 7
886 2369 979 2413 statum
987 2362 1014 2414 E
1024 2366 1036 2421 ll

223 2466 305 2516 vocati
315 2466 348 2516 ab
358 2466 502 2516 hominibus
513 2466 608 2528 Rabbi]
636 2467 713 2516 From
724 2466 799 2517 Matt.
814 2466 880 2516 xxiii.
896 2476 920 2528 7.

223 2543 364 2605 luminaria]
381 2545 429 2608 Cp.
443 2543 507 2593 Phil.
526 2544 552 2592 ii.
572 2551 621 2606 152
646 2544 665 2571 ‘⁸
675 2542 776 2593 Lucetis
792 2542 856 2593 sicut
871 2542 1003 2592 luminaria
1017 2541 1045 2592 in

189 2620 285 2669 mundo
293 2617 321 2680 ;’'
337 2619 388 2668 and
399 2619 463 2669 Gen.
477 2619 495 2668 i.
511 2619 549 2669 16.

222 2695 301 2746 nolite
312 2695 424 2760 tangere]
441 2696 518 2744 From
530 2695 571 2744 Ps.
585 2695 632 2745 civ.
649 2707 659 2744 t
664 2703 686 2758 5.

223 2772 316 2837 figurae
328 2771 446 2836 Pythag]
462 2772 518 2822 The
534 2771 608 2821 letter
622 2772 646 2820 Y
660 2787 689 2821 as
705 2771 864 2822 emblematic
875 2771 904 2821 of
911 2771 955 2821 the
965 2771 1043 2822 broad

190 2849 241 2900 and
251 2865 348 2899 narrow
356 2849 430 2914 paths
439 2848 468 2898 ol'
476 2850 530 2899 vice
538 2849 589 2898 and
596 2849 683 2900 virtue.
718 2851 767 2914 Cp.
778 2849 880 2899 Gervas.
892 2848 970 2909 Tilb,
984 2849 1046 2900 otia

192 2927 295 2992 Impen,
304 2926 320 2975 i.
332 2939 381 2977 20:
402 2925 452 2974 “Y
463 2925 572 2975 litteram
583 2926 736 2991 Pythagoras
747 2925 849 2984 invenit,
860 2924 894 2974 ad
901 2927 1044 2991 exemplum

190 3003 315 3053 humanae
331 3002 405 3062 vitae,
427 3001 497 3052 cuius
514 3003 582 3067 prior
602 3003 700 3067 virgula
715 3003 822 3066 primam
838 3001 961 3065 significat
976 3009 1045 3052 aeta·

190 3081 244 3131 tem¹
251 3080 387 3130 incertam:
404 3079 508 3140 bivium,
519 3080 586 3144 quod
598 3086 717 3145 superest,
726 3079 759 3129 ab
770 3078 938 3129 adolescentia
946 3079 1043 3145 incipit,

190 3158 259 3209 cuius
270 3157 372 3206 dextera
377 3173 436 3222 pars
445 3157 531 3216 ardua,
542 3157 586 3206 sed
594 3157 627 3206 ad
635 3157 736 3206 beatam
744 3156 823 3206 vitam
831 3154 911 3206 tendit
920 3173 929 3219 3
945 3156 1045 3208 sinistra

190 3235 286 3286 facilior
297 3251 313 3284 a
323 3235 379 3285 luce
390 3235 422 3284 ad
433 3235 561 3285 interitum
572 3232 692 3285 ducens.”

224 3319 357 3364 retrorsum
368 3310 498 3377 abeuntes]
515 3311 555 3364 Cf.
568 3311 618 3377 Jer.
633 3327 674 3362 xv.
685 3311 721 3374 ⁶3
738 3311 799 3362 socii
809 3310 891 3362 surum
902 3327 910 3373 ς
923 3311 956 3363 Is.
970 3311 987 3365 l.
1001 3323 1044 3376 23.
