2324 3982
418 349 423 369 ι
450 289 679 341 -Pnorooos
991 295 1007 351 7

153 478 256 521 coram
279 461 348 521 Deo
371 468 473 520 nostra
492 457 552 518 iam
572 460 611 519 ab
633 457 706 520 olim
729 455 861 536 vigilavit
880 455 1008 518 intentio

154 551 313 619 indelessa.
357 552 420 618 Hic
433 574 519 617 arnor
532 555 691 616 ecstaticus
711 565 774 616 tam
790 564 932 633 potenter
952 572 1008 614 nos

106 721 108 724 ,
153 653 252 733 rapuit
263 665 305 728 ut,
318 653 440 716 terrenis
451 653 517 715 aliis
531 652 677 715 abdicatis
686 655 725 714 ab
734 651 846 727 animo,
855 651 1009 729 acquiren-

154 751 262 812 dorum
289 751 430 812 librorum
453 751 646 812 solummodo
673 751 862 828 flagraremus
889 749 1006 810 affectu.

106 879 139 920 12
159 850 202 909 Vt
213 847 314 927 ¹igitur
336 845 432 909 nostn'
449 845 517 908 finis
533 846 662 908 intentio
677 858 739 907 tam
757 844 884 925 posteris
907 854 1035 924 pateats

154 964 247 1023 quam
262 943 424 1018 modernis,
439 953 470 1004 et
483 962 537 1005 ora
550 941 739 1021 loquentium
760 961 898 1019 perversa
918 962 1010 1020 quan·

153 1053 219 1105 tum
228 1042 268 1102 ad
277 1061 335 1102 nos
343 1038 472 1118 pertinet
481 1040 672 1101 obstruamus
683 1050 837 1116 perpetuo,
850 1049 1009 1100 tractatum

153 1136 342 1218 parvulinum
354 1135 505 1199 edidimus
519 1135 588 1197 stilo
598 1134 722 1214 quidem
733 1134 883 1199 levissimo
893 1137 1009 1198 moder-

153 1244 347 1299 norum—est
360 1233 441 1297 enim
452 1232 650 1295 ridiculosum
663 1233 819 1295 rhetoricis
832 1235 955 1311 quando
969 1235 1009 1295 le·

153 1331 198 1394 vis
214 1330 338 1394 materia
354 1329 460 1408 grandi
481 1329 658 1392 describitur
676 1329 744 1391 stilo
754 1352 764 1406 ;
795 1330 848 1408 qui
866 1341 1009 1392 tractatus
1024 1349 1054 1387 ro

152 1447 288 1490 amorem
296 1447 387 1506 quem
397 1427 437 1488 ad
448 1425 541 1489 libros
552 1426 712 1488 habuimus
720 1429 759 1488 ab
769 1446 893 1489 excessu
900 1447 1008 1507 purga-

152 1526 207 1600 bit,
218 1523 386 1589 devotionis
394 1523 527 1588 intentae
542 1525 729 1604 propositum
739 1524 907 1603 propalabit
915 1536 946 1587 et
956 1524 1009 1585 cir·

135 1656 136 1660 =
153 1623 348 1685 cumstantias
361 1622 433 1684 facti
443 1621 546 1698 nostri,
558 1642 611 1700 per
621 1621 727 1701 viginti
740 1621 853 1683 divisus
866 1621 1006 1700 capitula,

106 1720 337 1808 131uceclarius
347 1719 502 1782 enarrabit.
535 1717 616 1797 Quia
624 1739 696 1780 vero
704 1720 743 1780 de
752 1738 855 1781 amore
864 1719 1007 1780 librorum

152 1818 354 1900 principaliter
374 1816 500 1894 disserit,
525 1818 639 1897 placuit
658 1818 747 1881 nobis
767 1837 852 1881 more
872 1830 1007 1881 veterum
1022 1842 1052 1894 ις

153 1915 331 1978 latinorum
364 1915 463 1994 ipsum
495 1918 613 1979 Graeco
638 1917 786 1979 vocabulo
814 1915 1008 1979 Philobiblon

152 2012 320 2076 amabiliter
334 2032 515 2091 nuncupare.

188 2151 356 2250 Explicit
375 2150 567 2250 Prologus.
590 2150 778 2248 Incipiunt
796 2150 979 2250 Capitula.

185 2324 982 2394 aexcitusDn4flagremusrefflctuDu8parmdumDJa.
997 2333 1007 2389 ΙΙ

151 2417 169 2469 9
180 2405 318 2454 reticulum
329 2403 387 2454 edd.
402 2406 411 2462 l}
427 2415 458 2452 ro
467 2403 589 2452 scribatur
598 2402 657 2453 edd.
669 2408 679 2462 n
691 2415 720 2466 13
731 2405 812 2454 divisi
821 2405 878 2457 edd.
894 2410 903 2466 ΙΙ
915 2405 945 2456 16
956 2408 1009 2472 ipso

152 2483 181 2533 Ε
190 2496 283 2548 agrrco
292 2481 319 2532 B
324 2480 475 2546 pharathon
485 2481 511 2530 B
522 2485 532 2539 11
546 2490 575 2543 17
586 2481 753 2532 amicabiliter
761 2483 818 2534 edd.
834 2487 844 2543 ΙΙ

185 2621 241 2672 luce
260 2618 360 2682 clarius]
377 2620 425 2685 Cp.
447 2619 486 2670 ch.
505 2619 539 2670 ri.
559 2619 600 2685 85,
618 2637 659 2671 xv.
678 2621 732 2684 196.
767 2621 824 2673 'Ihe
842 2622 933 2688 phrase
948 2637 1008 2690 may

150 2699 218 2751 have
227 2699 292 2748 been
303 2697 407 2748 derived
417 2696 482 2747 from
492 2697 640 2762 Angustiae,
655 2698 696 2748 De
709 2700 764 2750 Cr'v.
778 2699 835 2759 Dei,
849 2716 874 2750 v.
890 2711 928 2762 13.

184 2792 254 2826 more
266 2775 424 2836 latinorum]
439 2774 486 2839 Cp
500 2775 568 2825 what
578 2775 600 2825 is
611 2775 666 2825 said
676 2775 706 2825 of
718 2776 804 2840 Vergil
815 2776 841 2825 in
852 2777 1005 2841 Macrobius,

152 2854 253 2906 Satura.
267 2852 366 2912 veriti,
382 2852 402 2879 ‘⁴
408 2851 501 2901 Omnia
517 2852 628 2902 carmina
644 2867 689 2902 sua
704 2852 801 2904 Graece
817 2852 905 2904 maluit
921 2854 1007 2907 inscri-

151 2933 220 2993 bere,
234 2927 507 2995 Bumtwceorgica,
521 2929 642 2981 Aeneis.''

185 3002 363 3074 Philobiblon}
374 3006 437 3057 This
453 3008 475 3056 is
487 3007 528 3056 De
544 3006 632 3071 Bury's
642 3008 721 3069 word,
735 3007 830 3072 though
841 3024 911 3060 some
921 3009 951 3060 of
963 3011 1007 3064 the

151 3086 246 3137 editors
270 3083 336 3136 have
356 3083 451 3135 altered
473 3083 493 3134 it
515 3089 542 3135 to
562 3084 734 3134 Philobiblion
754 3085 861 3136 without
883 3087 1006 3140 sufficient

150 3161 286 3227 authority.
328 3161 384 3211 The
400 3161 491 3227 phrase
512 3161 531 3188 ‘⁴
539 3161 572 3212 de
582 3176 667 3212 amore
677 3159 817 3212 librorum”
830 3162 953 3230 probably
967 3180 1005 3218 re·

150 3246 264 3307 presente
274 3237 360 3304 nearly
370 3238 471 3305 enough
482 3238 550 3290 what
557 3238 590 3290 he
598 3238 719 3290 intended
730 3239 750 3288 it
761 3245 788 3291 to
798 3254 881 3292 mean.
