2324 3982
226 292 260 349 50
519 283 784 337 PHILOBIBLON

225 455 363 519 emendis
373 458 421 519 vel
433 456 560 520 edendis
569 456 726 520 codicibus
735 456 963 536 adscripserunt
996 458 1082 534 Quo

225 571 291 613 rum
309 554 554 631 contemporanei
571 557 747 630 saeculares,
765 565 828 616 tam
848 552 980 616 officium
1002 552 1081 614 intu-

225 659 310 710 entes
335 670 426 728 quam
448 651 592 726 studium,
615 652 707 715 libros
727 651 780 726 eis,
802 671 879 729 quos
900 651 933 711 in
955 649 1082 712 diversis

225 745 331 807 mundi
356 747 488 825 partibus
512 761 687 826 sumptuose
713 751 903 827 collegerant,
925 749 965 811 ad
987 747 1082 809 totius

226 843 467 905 aedificationem
481 846 626 907 ecclesiae
639 847 839 908 contulerunt.
1095 871 1110 920 ς

175 957 210 1015 91
266 942 345 1002 Sane
359 941 466 1002 diebus
484 941 557 1018 istis,
571 962 642 1003 cum
660 941 724 1004 sitis
744 953 809 1004 tota
828 939 982 1019 diligentia
1000 938 1082 1000 circa

227 1048 368 1114 quaestus
400 1037 516 1112 intenti,
550 1039 792 1117 praesumptione
819 1036 966 1116 probabili
996 1036 1082 1101 credi

227 1144 335 1211 potest,
365 1135 389 1195 si
416 1153 470 1213 per
496 1137 746 1214 anthropospatos
769 1153 868 1198 sermo
891 1136 952 1210 fiat,
978 1136 1082 1196 Deum

225 1231 305 1293 circa
324 1253 378 1293 vos
400 1233 545 1294 minorem
567 1233 799 1295 sollicitudinem
819 1251 930 1311 gerere,
943 1250 1020 1309 quos
1040 1232 1082 1294 de

186 1382 189 1389 .
227 1347 281 1390 sua
303 1329 503 1408 promissione
529 1330 689 1408 perpendit
715 1330 859 1404 diffidere,
883 1328 915 1389 in
942 1329 1082 1389 humanis
1097 1353 1127 1388 ro

225 1416 420 1505 providentiis
433 1447 518 1506 spem
529 1429 682 1490 habentes.
725 1429 857 1490 Corvum
867 1424 1082 1487 nonconside·

225 1524 295 1585 ratis
322 1544 380 1585 nec
407 1524 477 1600 lilia,
502 1543 579 1601 quos
604 1522 700 1601 pascit
722 1535 753 1585 et
776 1522 865 1584 vestit
887 1522 1061 1584 Altissimus
1072 1545 1082 1599 ς

227 1621 386 1683 Danielem
400 1633 431 1683 et
445 1623 595 1682 Habacuc
607 1620 687 1682 cocti
704 1620 852 1699 pulmenti
866 1619 1082 1698 discophorum

226 1736 288 1777 non
302 1717 442 1795 pensatis,
457 1737 515 1779 nec
535 1717 633 1778 Eliam
653 1718 782 1780 recolitis
802 1737 884 1778 nunc
902 1717 933 1777 in
947 1729 1083 1780 torrente

226 1833 281 1891 per
294 1834 406 1891 corvos,
422 1835 502 1876 nunc
520 1814 552 1875 in
568 1817 688 1877 deserto
708 1834 762 1893 per
779 1816 928 1893 angelum,
947 1833 1028 1875 nunc
1049 1814 1082 1876 in
1097 1836 1107 1872 1
1112 1837 1125 1887 ς

227 1914 351 1990 Sarepta
377 1931 431 1990 per
457 1912 587 1987 viduam,
615 1911 749 1990 largitate
781 1911 890 1984 divina,
919 1930 999 1988 quae
1026 1912 1082 1973 dat

227 2027 326 2069 escam
354 2009 436 2069 omni
464 2009 545 2070 carni
575 2019 709 2086 tempore
743 2018 922 2086 opportuno,
947 2027 966 2067 a
992 2007 1081 2069 samis

176 2134 212 2192 9²
226 2103 327 2166 inedia
348 2104 513 2166 liberatum.
557 2105 685 2168 Climate
703 2103 871 2179 miserabili,
893 2115 927 2165 ut
947 2102 1081 2179 timetur,

228 2200 417 2277 descenditis,
447 2205 521 2264 dum
547 2203 665 2265 divinae
686 2202 806 2281 pietatis
827 2201 993 2264 diffidentia
1012 2221 1083 2280 pru-

260 2373 275 2424 8
286 2378 466 2438 antropospatos
474 2374 547 2424 codd.
560 2372 828 2439 deporordtlrtavJa.
839 2373 937 2438 DaeiJa.
947 2377 957 2431 ll
968 2381 997 2436 15
1006 2389 1080 2437 ange-

227 2451 280 2498 lum
291 2451 319 2498 in
330 2451 354 2498 A
368 2455 377 2506 ΙΙ
392 2463 421 2512 19
433 2467 488 2499 cum
499 2451 555 2500 edd.
568 2455 577 2507 ΙΙ

258 2600 478 2664 anthropospatos]
495 2599 551 2650 The
565 2600 635 2650 word
652 2615 739 2650 occurs
755 2599 782 2648 in
798 2598 848 2649 this
863 2597 929 2648 form
946 2597 974 2648 in
991 2599 1083 2649 Petrus

228 2674 365 2734 Comestor,
380 2675 448 2723 llist.
469 2674 566 2734 Schol.‚
578 2673 605 2722 in
622 2675 688 2724 Gen.
707 2689 728 2724 c.
748 2674 824 2733 xxxi,
838 2673 897 2723 who
913 2672 1026 2737 explains
1042 2673 1082 2722 it:

229 2752 350 2800 “scilicet
368 2750 478 2800 bumana
495 2751 634 2816 propassio,
655 2751 756 2816 quando
772 2749 916 2800 attribuitur
932 2749 991 2800 Dea
1011 2751 1082 2814 quod

227 2827 336 2878 bominis
347 2824 409 2877 est.”

260 2921 330 2969 spem
341 2905 473 2965 habentes]
489 2905 538 2969 Cp.
552 2917 568 2954 2
580 2905 639 2954 Cor.
654 2904 689 2955 iii.
706 2917 755 2965 123
771 2920 796 2954 κ.
812 2914 849 2970 15.

260 2984 372 3044 corvum]
389 2983 436 3048 Cp.
452 2982 532 3043 Lake,
546 2983 588 3032 xii.
602 2995 642 3044 24,
657 2992 696 3044 27.

260 3061 324 3110 cocti
336 3060 469 3124 pulmenti]
487 3061 536 3124 Cp.
551 3061 617 3110 Dan.
636 3060 686 3111 xiv.
700 3071 740 3123 32.
775 3058 831 3109 The
842 3060 913 3110 word
923 3059 1081 3125 descaphorus

227 3154 310 3188 comes
322 3138 386 3186 from
398 3138 424 3187 S.
436 3136 557 3202 Jerome's
568 3137 667 3201 presace
678 3144 705 3188 to
716 3136 816 3187 Daniel.

262 3214 355 3275 Ellam]
375 3227 385 3263 1
400 3215 490 3278 Kings,
504 3214 562 3263 xvii.
576 3228 601 3276 4,
615 3227 638 3276 9.

260 3293 303 3342 dat
315 3291 409 3352 escam]
427 3292 502 3342 From
516 3291 556 3342 Ps.
571 3307 657 3343 cxxxv.
672 3300 703 3355 25
715 3291 765 3342 and
776 3291 841 3342 cxlv.
857 3301 894 3357 15.
