2324 3982
160 297 194 349 86
457 298 721 351 PHILOBIBLON

159 467 409 546 praesumptionis
435 487 549 547 pamm
577 469 687 531 Icarias
714 468 873 548 inexpertis
898 470 1017 533 lacertis

159 564 299 643 fragiliter
318 576 501 643 coaptantes,
523 565 637 644 pileum
650 564 850 644 magistralem
863 565 1016 629 immaturi

159 661 351 740 praeripiunt,
379 662 514 739 fiuntque
541 661 656 739 pueruli
679 664 855 724 facultatum
884 663 1016 742 plurium

160 760 342 840 professores
362 756 510 834 immeriti,
526 777 601 836 quas
616 778 808 837 nequaquam
827 759 1015 838 pedetentim

160 865 377 933 pertranseunt,
406 856 461 916 sed
484 855 640 916 adinstar
665 874 840 934 caprearum
862 856 1040 930 saltuatims

159 953 348 1026 ascendunt;
386 971 515 1029 cumque
547 970 653 1029 pamm
685 953 726 1013 de
750 952 856 1031 grandi
883 963 1018 1016 torrente

159 1049 348 1128 gustaverint,
362 1048 540 1110 arbitranttu
552 1066 588 1110 se
598 1059 695 1111 totum
709 1049 843 1112 funditus
853 1049 1015 1125 sorbuisse,

90 1167 146 1228 1⁵3
160 1146 210 1206 vix
229 1146 366 1207 faucibus
384 1144 562 1206 humectatis
571 1166 582 1220 3
622 1156 653 1206 et
668 1144 741 1223 quia
760 1144 792 1206 in
811 1145 917 1225 primis
935 1147 1017 1209 rudi-

161 1244 269 1306 mentis
278 1256 554 1322 temporecongruo
563 1262 625 1304 non
634 1244 804 1319 fundantur,
815 1243 1016 1322 superdebile

160 1343 387 1403 fundamentum
406 1359 483 1419 opus
504 1340 664 1402 aedificant
680 1339 843 1402 ruinosum.
887 1343 1016 1418 Iamque
1029 1365 1055 1399 lo

159 1449 318 1517 provectos
339 1438 434 1516 pudet
453 1437 619 1512 addiscere,
634 1456 712 1515 quae
731 1439 858 1499 tenellos
873 1438 1016 1501 decuerat

159 1535 310 1611 didicisse,
331 1546 362 1597 et
382 1533 426 1596 sic
445 1536 579 1614 profecto
600 1545 747 1613 coguntur
766 1545 912 1613 perpetuo
932 1536 1015 1597 luere

163 1635 247 1712 qnod
274 1634 314 1694 ad
342 1634 438 1694 sasoes
472 1630 624 1693 indebitos
644 1650 842 1709 praepropere
860 1631 1013 1694 salierunt.

93 1749 150 1809 154
163 1733 288 1809 Propter
301 1733 377 1791 haec
393 1740 424 1791 et
443 1729 490 1790 his
504 1728 620 1804 similia,
635 1728 745 1790 tirones
763 1728 935 1790 scholastici
949 1729 1016 1791 soli·

162 1827 286 1890 ditatem
309 1825 472 1900 doctrinae,
497 1844 589 1903 quam
610 1836 726 1887 veteres
752 1826 929 1902 habuerunt,
951 1838 1015 1889 tam
1029 1847 1053 1897 ις

183 2027 206 2088 'r
220 2036 309 2101 ineptis
319 2042 342 2086 et
357 2034 490 2100 inexpertis
506 2034 564 2084 edd.
575 2038 585 2092 ΙΙ
597 2046 612 2098 3
618 2033 768 2099 proripiunt
781 2035 822 2100 Ja„
836 2040 846 2094 11
859 2043 873 2100 5
885 2036 1015 2088 salmaria

160 2116 184 2164 A
197 2114 308 2163 saltatim
329 2113 385 2163 edd.
400 2117 409 2169 ll
424 2125 453 2161 12
464 2112 577 2161 demam
587 2112 612 2161 A
624 2109 651 2163 E
661 2111 776 2162 diruerat
786 2111 815 2162 D
830 2117 840 2171 ll
855 2124 883 2176 13
900 2112 1017 2164 salierint

159 2194 199 2257 Ja
214 2197 224 2250 ll
238 2204 269 2253 14
278 2190 336 2239 aliis
346 2190 375 2239 D
385 2190 437 2239 alr'a
446 2190 485 2254 Ja.
500 2193 510 2247 ΙΙ

161 2382 206 2426 not
217 2375 338 2425 observed
349 2373 392 2423 the
406 2373 547 2437 quotation.
582 2369 607 2426 It
618 2386 676 2436 may
686 2371 727 2432 be,
740 2372 857 2437 perhaps,
871 2373 925 2423 that
935 2373 956 2424 it
967 2373 989 2424 is
1000 2391 1016 2424 a

160 2452 291 2517 quotation
311 2451 338 2501 in
355 2451 396 2501 De
415 2451 489 2514 Bury,
508 2449 552 2498 the
571 2449 717 2498 sentimeuts
736 2449 868 2513 occurring
889 2449 918 2499 in
939 2466 1016 2515 many

159 2529 284 2580 rnedieval
295 2527 389 2578 writers
400 2544 406 2574 =
425 2541 464 2590 cp.
479 2525 588 2586 Holkot‚
603 2525 684 2590 Super
696 2525 755 2590 Sap.
767 2525 784 2574 l.
798 2526 861 2586 ccix,
874 2527 947 2577 ccxii

191 2607 285 2672 pileum
300 2603 479 2670 magistralem]
502 2604 550 2653 See
564 2603 604 2653 ch.
619 2604 651 2653 vi.
666 2618 686 2653 s.
701 2616 751 2665 943
768 2604 819 2652 and
829 2619 870 2668 cp.
886 2605 1013 2664 Petrarch,

160 2685 201 2734 De
212 2684 281 2733 Nera
293 2682 364 2746 Sap,
375 2681 391 2730 i.
406 2697 413 2730 t
444 2681 461 2706 “
472 2679 572 2729 Iuvenis
583 2714 590 2730 .
606 2713 613 2729 .
624 2715 631 2730 .
645 2680 789 2730 cathedram
800 2681 913 2731 ascendit
923 2690 1015 2732 cuncta

160 2760 210 2809 iam
221 2775 253 2808 ex
264 2759 316 2808 alto
330 2756 470 2821 despiciens
483 2762 509 2805 et
526 2755 611 2806 nescio
627 2756 689 2820 quid
705 2755 835 2806 confusum
846 2773 1012 2810 murmurans.

159 2838 232 2887 Tunc
240 2835 347 2886 maiores
353 2833 466 2884 certatim
474 2849 520 2883 cen
531 2833 616 2883 divina
624 2832 735 2883 locutum
746 2833 862 2884 laudibus
872 2836 905 2884 ad
916 2837 1015 2891 caelum

159 2914 251 2965 tollunt
260 2929 268 2972 3
285 2912 393 2963 tinninm
411 2911 511 2960 interim
527 2925 672 2974 campanae,
693 2917 806 2976 strepunt
822 2912 905 2972 tubae,
927 2913 1014 2964 volant

158 2990 253 3051 annuli,
267 2989 375 3053 figuntur
386 2987 480 3048 oscula,
492 2987 579 3038 vertici
588 2987 709 3037 rotundus
720 3003 750 3038 ac
760 2988 912 3052 magistralis
918 2989 1014 3042 bonne·

159 3076 200 3120 tus
211 3068 364 3132 apponitnr;
382 3066 422 3115 his
433 3065 540 3130 peractis
550 3064 681 3115 descendit
694 3065 794 3130 sapiens
808 3066 852 3130 qni
867 3067 958 3117 stultus
973 3084 1013 3118 as·

159 3145 285 3202 moderat,
298 3142 362 3191 mira
372 3157 472 3205 prorsus
483 3141 668 3192 transformatio
679 3156 725 3191 nec
738 3140 832 3192 Ovidio
843 3143 945 3207 cognita
955 3141 980 3194 l”

192 3220 276 3271 debile
286 3218 487 3281 fundamentum]
506 3218 625 3268 “Debile
641 3218 831 3268 fundamentum
843 3218 908 3270 fallit
924 3220 1014 3286 opus”

159 3301 208 3350 is'a
218 3297 379 3348 well-known
391 3295 457 3360 legal
468 3296 579 3348 maxim:
596 3296 697 3356 Broom,
711 3296 790 3361 Legal
801 3296 921 3359 Maxime,
936 3308 991 3361 174.
