2324 3982
162 263 210 303 m
333 229 334 232 ‘
453 250 717 303 rurroarnrov

158 417 311 481 vicinitate
332 418 425 481 nimia
445 439 526 480 nunc
546 430 662 481 remota
685 417 830 481 distantia
857 419 1016 483 infeliciter

159 515 346 579 administrat
360 518 534 578 mortalibus
547 528 665 578 aestum
676 517 793 578 Phoebi
801 537 848 591 ac,
858 537 899 579 ne
908 537 1014 580 omnes

160 613 397 693 periclitarentur
420 614 547 678 subiecti
567 613 739 694 propinquo
761 615 919 695 regimine,
941 615 1016 678 iuste

160 712 268 774 meruit
282 712 439 774 fulminari

90 805 147 879 189
200 812 348 872 Referunt
368 822 430 872 tam
445 813 629 872 Graecorum
647 831 742 889 ⁸quam
762 810 944 873 Latinorum
956 811 1036 887 his-5

160 907 262 982 toriae,
274 909 358 986 quod
368 908 486 970 nobiles
496 907 574 970 inter
586 927 640 970 eos
651 908 802 987 principes
811 929 877 971 non
887 911 1012 986 fuerunt,

160 1004 212 1083 qui
226 1003 389 1066 litterarum
398 1004 503 1083 peritia
511 1016 676 1067 caruerunt
709 1007 800 1067 Sacra
809 1007 860 1067 lex
869 1007 1013 1083 Mosaica,

160 1101 363 1180 praescribens
377 1102 439 1180 regi
460 1104 600 1182 regulam,
615 1122 773 1181 perquam
792 1115 885 1182 regat,
907 1104 1013 1166 librum

160 1199 233 1277 legis
263 1199 382 1261 divinae
416 1199 474 1260 sibi
507 1199 653 1278 praecipit
680 1200 792 1261 habere
820 1201 1012 1279 descriptum,

161 1299 251 1359 Deut
268 1303 324 1374 17⁰,
337 1300 503 1359 secundum
518 1299 669 1374 exemplar
682 1317 701 1357 a
714 1297 923 1359 sacerdotibus
938 1298 1013 1360 exhi-
1025 1321 1048 1354 ιο

160 1396 302 1471 bendum,
312 1393 343 1455 in
354 1415 415 1473 quo
430 1394 487 1456 sibi
496 1395 657 1473 legendum
668 1405 746 1455 esset
755 1394 899 1456 omnibus
907 1395 1012 1457 diebus

159 1491 238 1554 vitae
252 1512 330 1554 suae.
374 1495 452 1554 Sane
460 1491 634 1553 labilitatem
648 1494 800 1553 humanae
810 1493 976 1555 memoriae
985 1504 1014 1554 et

160 1587 383 1651 instabilitatem
403 1588 552 1651 virtuosae
566 1587 725 1650 voluntatis
746 1588 778 1649 in
799 1590 923 1651 homine
945 1590 1013 1651 satis

159 1698 284 1748 noverat
297 1691 380 1749 Deus
391 1685 464 1765 ipse,
476 1685 529 1764 qui
543 1685 680 1748 condidit
692 1697 723 1747 et
736 1685 789 1764 qui
801 1686 888 1765 fingit
902 1687 1014 1749 cotidie

89 1801 146 1858 190
160 1784 251 1844 corda
278 1783 433 1844 hominum
468 1781 646 1862 singillatim.
689 1784 895 1859 Quamobrem
929 1784 1047 1863 quasin

159 1878 295 1942 omnium
318 1883 465 1941 malorum
491 1879 660 1941 antidotum
681 1879 776 1940 voluit
803 1899 870 1942 esse
894 1881 1012 1958 librum,

160 1977 245 2039 cuius
270 1977 430 2054 lectionem
456 1988 487 2039 et
507 1997 595 2038 usum
617 1987 762 2054 tanquam
788 1978 1014 2040 saluberrimum

193 2171 208 2208 2
220 2158 380 2208 adnrinirtret
390 2159 417 2207 E
425 2173 454 2206 ac
464 2173 514 2206 om.
526 2156 552 2205 B
563 2160 595 2219 113
604 2163 652 2221 pro
664 2144 750 2220 iniquo
760 2157 785 2205 A
798 2160 808 2213 ΙΙ
819 2170 836 2218 4
846 2157 981 2207 sublimari
989 2159 1012 2208 A

161 2253 198 2300 pr.
211 2252 295 2297 manu,
308 2237 334 2285 B
344 2237 371 2285 E
382 2241 392 2293 ΙΙ
404 2249 419 2298 9
431 2235 550 2286 dominice
561 2236 590 2283 D
600 2239 610 2293 ΙΙ
620 2246 650 2298 13
661 2235 775 2284 virtuosa
785 2236 812 2284 E
822 2232 834 2298 ΙΙ

160 2414 185 2463 ii.
200 2414 280 2476 3272‘
285 2413 352 2462 Hic
360 2412 420 2461 situs
429 2420 466 2461 est
478 2410 617 2471 Phaethon,
628 2426 713 2461 currus
721 2427 806 2476 aunga
815 2412 921 2475 paterm
934 2412 1013 2476 Quem

158 2491 180 2539 si
191 2505 242 2538 non
253 2490 341 2549 tenuit,
355 2489 453 2552 magnis
464 2496 548 2538 tamen
560 2488 651 2538 excidit
662 2485 755 2538 ausis.”

190 2566 327 2616 litterarum
335 2566 434 2630 peritia]
445 2564 507 2614 This
516 2565 606 2629 phrase
615 2565 665 2614 and
675 2564 717 2614 the
723 2563 848 2614 reference
856 2570 883 2614 to
893 2567 1013 2617 Deutero-

159 2659 235 2707 nomy
243 2644 284 2693 ate
296 2643 371 2692 taken
383 2641 446 2690 from
456 2641 525 2705 John
536 2658 551 2690 o
553 2641 711 2705 lSalisbury‚
725 2641 860 2691 Policrat.
853 2657 885 2692 rv.
901 2643 926 2694 6.

190 2719 281 2768 librum
293 2719 365 2783 legis]
383 2720 458 2769 Deut.
473 2719 530 2768 xvii.
549 2717 588 2778 18,
600 2731 629 2780 19
641 2737 647 2768 ε
669 2719 818 2768 “describet
829 2719 878 2768 sibi
890 2719 1014 2771 Deutero-

158 2796 270 2846 nomium
287 2797 349 2860 legis
364 2796 437 2845 huius
449 2796 475 2844 in
485 2795 619 2855 volumine,
634 2795 759 2860 accipiens
767 2796 896 2860 exemplar
909 2814 926 2848 a
936 2814 1013 2848 sacer-

158 2873 258 2922 dotibus
275 2873 401 2922 Leviticae
418 2873 497 2922 tribus
514 2908 520 2925 .
540 2908 547 2923 .
569 2906 576 2924 .
594 2873 710 2938 legetque
720 2872 783 2922 illud
794 2875 912 2925 omnibus
927 2876 1014 2926 diebus

158 2952 224 3002 vitae
235 2967 302 3001 suae.
307 2949 322 2973 ''

191 3028 388 3088 instabilitatem]
401 3028 448 3092 Cp.
459 3027 570 3077 Thomas
579 3045 594 3077 a
604 3028 718 3093 Kempis,
727 3029 874 3081 Doctrinale
882 3031 1013 3092 Iuvenum,

158 3105 190 3154 iv.
208 3118 218 3154 1
230 3123 237 3154 ε
256 3106 276 3131 “
284 3121 327 3154 cor
337 3105 446 3155 hominis
457 3112 494 3155 est
506 3105 620 3158 instabile
629 3113 654 3156 et
666 3107 786 3157 memoria
796 3106 903 3157 multum
915 3123 979 3174 vaga
989 3114 1013 3159 et

157 3180 267 3231 labilis.’'

191 3259 233 3324 qui
245 3258 328 3323 fingit]
346 3260 422 3309 From
434 3261 474 3311 Ps.
489 3259 565 3311 xxxii.
581 3270 619 3325 15.
