2324 3982
175 294 208 345 62
471 294 736 348 PHILOBIBLON

176 464 293 540 medis3
316 475 348 527 et
367 465 426 526 alia
446 465 563 527 infinita
586 464 776 528 scientiarum
798 479 913 530 secreta
941 468 1033 532 huius

177 563 310 625 incendii
323 573 500 641 tempestate
513 564 674 624 creduntur
687 565 812 626 sublata.

107 676 161 718 ιιι
218 659 378 738 Numquid
411 660 603 722 Aristotelem
635 662 676 722 de
708 660 813 722 circuli
849 663 1034 740 quadratura

178 756 367 835 syllogismus
380 755 573 834 apodicticon
586 756 729 832 latuisset,
747 757 773 818 si
790 757 882 819 libros
895 769 1032 820 veterum

177 853 337 916 methodos
364 864 486 914 naturae
515 853 608 914 totius
630 853 805 915 habentium
828 854 1060 933 permisissent,

177 950 309 1012 nefanda
329 949 441 1027 praelia
458 953 636 1028 superesse?
669 952 737 1012 Nec
760 951 842 1013 enim
864 953 904 1014 de
925 952 1033 1014 mundi

178 1047 353 1108 aeternitate
372 1047 528 1124 problema
545 1057 685 1109 neutrum
706 1047 834 1123 fecisset,
854 1067 913 1110 nec
933 1049 975 1111 de
992 1049 1035 1110 in-

178 1145 352 1206 tellectuum
381 1144 582 1204 humanorum
610 1144 778 1221 pluralitate
807 1146 1035 1224 eorundemque

176 1238 384 1320 perpetuitate,
416 1250 450 1301 ut
481 1240 679 1302 verisimiliter
708 1241 845 1316 creditur,
868 1242 1036 1304 dubitasset

179 1339 335 1412 ullatenus,
357 1337 544 1416 siperlectae
558 1337 699 1400 scientiae
715 1350 848 1400 veterum
870 1339 1035 1402 invisomm
1049 1367 1077 1400 ιο

111 1456 166 1497 112
180 1435 327 1496 bellorum
357 1435 501 1511 pressuris
532 1434 680 1496 obnoxiae
708 1455 770 1496 non
800 1436 936 1498 fuissent.
979 1439 1037 1498 Per

181 1532 260 1593 bella
285 1549 415 1608 namque
441 1532 481 1592 ad
505 1530 616 1608 patrias'
639 1532 808 1610 peregrinas
836 1532 1035 1610 distrahimur,

180 1629 403 1703 obtruncamur,
424 1631 614 1690 vulneramur
632 1641 663 1690 et
681 1629 841 1691 enormiter
853 1629 1036 1705 mutilamur,

180 1725 237 1786 sub
250 1736 328 1786 terra
341 1725 525 1800 suffodimur,
535 1724 566 1786 in
581 1725 656 1786 mari
671 1725 896 1804 submergimur,
907 1727 1036 1788 flammis

181 1822 330 1883 exurimur
344 1833 374 1883 et
388 1822 471 1882 omni
485 1822 568 1883 necis
582 1843 691 1901 genere
705 1823 897 1885 trucidamur.
936 1826 1037 1902 Quan-
1051 1848 1075 1897 15

182 1928 247 1979 tum
265 1918 417 1996 sanguinis
437 1919 530 1980 nostri
552 1919 629 1980 fudit
653 1919 755 1998 Scipio
775 1920 945 1997 bellicosus,
965 1941 1036 1982 cum

182 2013 329 2075 eversioni
354 2015 550 2093 Carthaginis,
580 2017 711 2077 Romani
737 2016 854 2095 imperii
880 2017 1036 2097 impugna·

114 2135 169 2192 113
184 2111 263 2172 tricis
277 2124 307 2173 et
321 2114 465 2188 aemulae,
481 2113 586 2174 annus
597 2113 790 2175 incumbebat
805 2118 811 2175 !
846 2116 929 2192 Quot
944 2115 1037 2176 millia

215 2271 233 2321 4
248 2258 397 2322 apodicticae
410 2260 450 2323 Ja.
465 2263 475 2317 {l
487 2268 501 2323 5
511 2260 686 2324 promrhrrrent
702 2261 730 2310 D
742 2265 752 2319 ll
769 2259 785 2310 8
801 2276 935 2326 eorumque
951 2261 1010 2311 edd.
1026 2265 1035 2318 ll

186 2347 214 2385 11
226 2335 349 2385 obnier
360 2340 370 2393 ll
384 2336 414 2385 16
425 2336 512 2402 ffudit
522 2336 579 2387 edd.
591 2342 601 2396 ll
616 2337 644 2387 18
657 2344 715 2402 quot
725 2372 882 2388 ........
895 2338 1038 2388 trammr'sit

183 2428 233 2464 om.
247 2413 276 2462 D
284 2418 294 2471 ΙΙ
558 2420 559 2423 ’
991 2419 993 2423 ’

215 2524 373 2591 syllogismus
384 2527 554 2591 apodictieon]
570 2528 633 2578 This
644 2529 665 2578 is
676 2529 719 2578 the
730 2529 834 2595 reading
846 2529 875 2579 ol
889 2529 932 2580 the
943 2529 1034 2590 Mss„

184 2601 267 2653 which
284 2603 297 2653 1
313 2603 377 2652 have
397 2604 527 2665 retained3
549 2604 587 2653 for
608 2605 651 2654 the
673 2606 814 2670 apodeictic
837 2607 968 2672 syllogism
995 2623 1034 2672 ep.

185 2680 333 2745 Ueberweg,
347 2681 415 2730 Hist.
435 2681 466 2731 os
473 2680 549 2742 Phil,
564 2682 595 2732 E.
609 2683 639 2732 T.
657 2695 677 2743 1,
694 2692 747 2747 155.

217 2762 388 2824 Aristotelem]
405 2763 453 2827 Cp.
463 2763 556 2823 Bacon,
571 2763 621 2828 Op.
635 2763 709 2828 Maj,
721 2780 746 2829 p.
757 2773 771 2826 7
782 2783 789 2815 r
807 2765 826 2792 “
835 2763 948 2815 Adhaec
957 2780 1038 2830 repre·

183 2839 300 2890 heuditur
310 2840 343 2890 de
353 2840 441 2889 mundi
452 2840 605 2902 aeternitate,
618 2856 694 2905 quarn
704 2841 780 2892 nimis
795 2843 965 2906 inexpressum
982 2843 1038 2893 reli·

183 2919 246 2983 quit,
263 2933 309 2968 nec
324 2918 424 2979 mirum,
443 2933 499 2968 cum
516 2919 621 2983 ipsemet
638 2919 698 2969 dicit
715 2935 742 2969 se
758 2935 810 2968 non
826 2920 911 2970 omnia
927 2919 1035 2970 scivisse.

185 2996 253 3044 Nam
275 2996 451 3059 quadraturam
468 2995 553 3045 circuli
569 3011 596 3046 se
613 2996 739 3060 ignorasse
755 2997 896 3057 confitetur,
915 2997 984 3062 quod
999 2996 1038 3046 his

183 3071 272 3122 diebus
283 3072 358 3121 scitur
367 3070 514 3123 veraciter.”

216 3149 348 3214 problema
368 3148 495 3213 neutrum]
513 3149 625 3210 Neutral,
645 3149 802 3215 apparently,
815 3150 842 3200 in
858 3151 902 3202 the
923 3166 997 3202 sense
1013 3150 1043 3200 ol

184 3225 307 3285 doubtful,
325 3225 408 3275 rather
424 3226 485 3275 than
505 3225 602 3292 ‘open’
619 3227 646 3276 in
662 3228 704 3277 the
722 3227 838 3279 Catholic
860 3243 940 3278 sense.
987 3229 1036 3294 Cp.

185 3301 279 3365 lange,
294 3301 362 3352 Hist.
378 3301 408 3352 of
416 3302 589 3365 Materialism,
600 3303 618 3355 i.
632 3302 680 3354 228
691 3303 721 3354 of
728 3319 770 3369 my
781 3303 936 3356 translation.
