2324 3982
218 272 265 327 1²8
515 271 778 325 PHILOBIBLON

215 443 275 506 alia
307 443 404 504 multa
431 440 512 504 iecit.
560 444 639 505 Tam
674 440 770 505 Iulius
798 461 890 520 quam
917 445 1074 522 Augustus

216 541 349 603 cautelas
363 537 514 602 scribendi
527 539 655 601 litteram
676 558 732 618 pro
744 538 843 602 littera
860 539 1026 616 adinvenit,
1040 551 1075 602 ut

145 660 204 715 214
216 656 295 716 quae
308 636 471 699 scriberent
489 637 684 699 occultarent.
726 639 808 699 Nam
821 636 918 699 Iulius
935 649 1074 715 quartam

215 735 345 797 litteram
372 733 527 814 proposuit
554 736 624 798 loeo
647 733 771 814 primae,
799 746 831 798 et
858 735 901 797 sic
928 735 1073 816 deinceps

217 832 413 911 alphabetum
448 830 610 910 expendit3
648 833 803 910 Augustus
839 851 910 894 vero
941 834 1074 895 secunda
1086 862 1099 912 ς

216 948 272 1008 pro
291 928 396 1008 prima,
418 941 450 990 et
465 948 522 1007 pro
539 929 674 990 secunda
692 928 789 1003 tertia,
813 941 845 991 et
868 929 911 991 ita
929 930 1073 1009 deinceps

216 1045 289 1088 usus
299 1025 364 1088 tuit.
407 1025 470 1087 Hic
484 1025 515 1086 in
527 1025 696 1088 Mutinensi
705 1027 797 1101 bello,
806 1025 839 1087 in
852 1027 1073 1091 maximamole

216 1145 324 1202 rerum,
346 1124 461 1187 cotidie
480 1135 511 1187 et
530 1123 637 1204 legisse
662 1135 692 1187 et
716 1124 870 1203 scripsisse
888 1126 1016 1188 traditur
1035 1147 1072 1189 ac

217 1223 307 1285 etiam
350 1223 547 1284 declamasse.
600 1221 741 1284 Tiberius
778 1222 904 1302 lyricum
948 1243 1071 1287 carmen

146 1334 202 1396 215
216 1318 343 1399 scripsit,
365 1329 397 1382 et
417 1329 560 1398 poemata
578 1320 727 1397 quaedam
754 1321 880 1382 Graeca
923 1322 1071 1384 Claudius
1085 1346 1115 1381 ro

217 1416 359 1492 similiter,
374 1427 436 1478 tam
447 1415 556 1479 Graeci
566 1436 658 1495 quam
672 1414 773 1477 Latini
787 1417 935 1478 sermonis
948 1417 1070 1496 peritus,

217 1513 315 1576 varios
328 1513 420 1576 libros
438 1512 517 1575 iecit
559 1515 620 1575 Sed
641 1533 713 1592 prae
731 1513 778 1574 his
796 1524 827 1575 et
846 1513 912 1575 aliis
932 1513 1022 1576 Titus
1041 1515 1072 1577 in

218 1610 368 1673 scribendi
392 1609 498 1689 peritia
519 1608 628 1684 floruit,
650 1609 703 1688 qui
721 1610 930 1689 cuiuscunque
950 1613 1073 1675 volebat

218 1707 347 1770 litteram
367 1706 539 1769 imitabatur
556 1707 703 1781 facillime,
725 1709 807 1769 unde
828 1728 860 1770 se
878 1710 1074 1788 profitebatur

218 1805 369 1866 falsarium
378 1804 550 1879 maximum,
561 1803 809 1880 silibuissetfreri
818 1804 960 1883 potuisse.
983 1808 1113 1878 Haec15

218 1901 321 1964 omnia
347 1902 516 1977 Suetonius,
547 1904 596 1964 De
619 1901 680 1962 vita
707 1901 869 1964 duodecim
897 1903 1071 1979 Caesarum,

217 1997 380 2061 annotavit

255 2169 266 2207 1
288 2156 391 2222 infinita
407 2156 447 2220 Ja.
462 2160 472 2213 ll
488 2171 506 2218 4
518 2157 665 2221 praeposuit
680 2155 719 2220 Ja.
735 2159 744 2213 ll
757 2164 770 2220 5
782 2155 938 2220 alphabetum
954 2157 1073 2222 expiaba-
1114 2194 1118 2201 -

220 2240 274 2284 tum
283 2234 310 2284 E
319 2233 451 2283 secundam
460 2233 536 2298 vulgo
548 2231 558 2296 ΙΙ
569 2233 585 2283 6
595 2234 697 2283 tertiam
708 2233 784 2298 vulgo
796 2238 805 2290 ΙΙ
816 2247 846 2297 14
856 2235 984 2284 mutuavit
992 2236 1050 2286 edd.
1062 2241 1072 2295 ΙΙ

253 2394 398 2456 Suetonius]
415 2395 463 2461 Cp.
476 2394 558 2459 Julius
576 2395 675 2456 Caesar,
690 2412 712 2446 c.
727 2395 776 2459 5⁶3
805 2394 967 2460 Octavianus,
980 2413 1003 2448 c.
1021 2396 1072 2462 843

219 2471 343 2549 Tiberius,
357 2488 379 2524 e.
394 2481 445 2534 70;
463 2472 591 2534 Claudius,
604 2488 626 2524 c
640 2485 681 2536 41,
695 2485 745 2536 423
761 2473 842 2533 Titus,
855 2489 877 2524 c.
892 2485 915 2537 3.
