2324 3982
194 307 228 359 44
494 292 756 345 rnrroararorr

197 465 291 525 Hunc
312 465 454 525 devotum
475 463 566 526 studii
579 482 727 525 canonem
754 463 804 524 vix
831 464 970 525 observat
999 463 1050 524 ali·

196 561 264 639 quis
283 571 352 639 post
365 559 567 622 ecclesiastica
584 560 702 622 cantica
721 559 855 638 repetita,
870 561 925 621 sed
946 579 1050 638 sapere

196 676 274 735 quae
305 667 375 717 sunt
404 655 516 718 saeculi
547 667 578 719 et
611 656 747 717 relictum
779 667 909 718 aratrum
941 656 1051 717 intueri

108 757 119 775 ³
197 773 317 815 summa
336 753 496 831 prudentia
518 763 680 832 reputatur.
729 755 853 815 Tollunt
879 754 1051 833 pharetram

196 862 228 913 et
246 869 356 925 arcum,
379 851 609 928 apprehendunt
627 869 709 911 arma
725 861 755 912 et
772 860 898 923 scutum,
919 851 1078 926 eleemos

197 966 339 1026 synarum
366 945 510 1008 tributum
538 946 663 1008 canibus
686 946 821 1008 tribuunt
845 965 908 1007 non
939 945 1051 1024 egenis,

197 1043 362 1105 inserviunt
382 1042 455 1105 aleis
475 1054 506 1106 et
526 1043 634 1105 taxillis
653 1053 684 1104 et
705 1043 849 1121 hisquae
870 1062 926 1104 nos
946 1063 1052 1104 saecu·

197 1140 308 1202 laribus
326 1140 462 1202 inhibere
486 1142 625 1216 solemus,
646 1151 680 1202 ut
703 1160 766 1203 non
785 1140 935 1216 miremur,
953 1140 979 1202 si
996 1159 1053 1202 nos

196 1257 259 1299 non
284 1236 444 1317 dignentur
465 1237 622 1316 respicere,
647 1257 724 1317 quos
746 1237 791 1299 sic
813 1238 874 1300 suis
896 1246 1055 1299 cernerent

197 1335 331 1397 moribus
346 1335 500 1396 contraire.
1068 1356 1096 1392 ιο

145 1436 183 1495 82
238 1435 342 1494 Patres
356 1431 444 1510 igitur
457 1431 622 1507 reverendi,
636 1442 755 1511 patrum
772 1442 937 1494 vestrorum
952 1429 1055 1509 digne·

197 1527 273 1590 mini
294 1527 445 1590 reminisci
471 1539 502 1590 et
529 1529 673 1591 librorum
700 1529 876 1608 propensius
898 1527 1055 1606 indulgete

198 1627 307 1700 studio,
323 1625 387 1687 sine
402 1625 511 1705 quibus
525 1625 678 1704 quaelibet
695 1625 846 1688 vacillabit
861 1625 973 1704 religio,
989 1625 1056 1701 sine

199 1723 309 1802 quibus
323 1734 357 1784 ut
371 1734 447 1784 testa
458 1722 551 1785 virtus
572 1722 741 1785 devotionis
762 1733 885 1797 arescet,
907 1721 973 1784 sine
992 1720 1057 1800 qui·

143 1849 145 1852 ⁴
198 1821 255 1882 bus
269 1821 384 1880 nullum
397 1821 499 1880 lumen
512 1819 647 1898 poteritis
661 1819 777 1880 mundo
790 1821 941 1898 praebere.
1071 1838 1096 1888 ις

235 1982 890 2045 1canonam...postom.All9ccmuntAsec.
910 1995 986 2030 manu
1002 1979 1057 2030 surb

200 2073 250 2108 om.
263 2059 287 2107 Α
299 2057 326 2107 Β
336 2062 346 2116 Η
360 2069 390 2121 13
400 2058 470 2107 sinc.
487 2093 494 2108 .
514 2093 521 2108 .
536 2057 622 2123 religio
633 2074 683 2108 om.
697 2061 722 2109 A
735 2058 873 2107 vaatlatss
883 2061 893 2116 ΙΙ

233 2224 320 2274 sapere
336 2224 400 2273 quae
417 2216 474 2258 sunt
490 2209 593 2269 saeculi]
610 2208 657 2272 Cp.
673 2207 737 2258 Phil
751 2207 786 2256 iit
803 2218 853 2268 193
877 2206 991 2267 Gratian,
1005 2207 1059 2257 De-

201 2293 262 2338 cret.
276 2286 293 2336 i.
310 2285 361 2336 88:
390 2285 559 2351 “Episcopus
574 2292 618 2335 aut
635 2286 751 2335 sacerdos
769 2292 813 2334 aut
828 2285 948 2335 diaconus
963 2299 1059 2348 nequa·

202 2380 278 2430 quam
290 2364 382 2414 saeculi
393 2381 464 2415 curas
475 2361 612 2417 assumat.”

234 2444 347 2493 relictum
358 2443 477 2504 aratrum]
494 2443 575 2507 lnglis
586 2442 661 2492 refers
672 2449 699 2492 to
711 2440 788 2492 Eccli
803 2442 903 2491 xmrviii.
918 2449 961 2505 25:
975 2440 1061 2504 “Qua

202 2521 326 2586 sapientia
336 2520 481 2584 replebitur,
491 2521 534 2584 qui
545 2526 613 2570 tenet
621 2518 757 2579 aratrum,”
769 2525 829 2579 etc,
839 2520 884 2569 but
893 2519 912 2568 it
921 2517 1061 2582 isperhaps

201 2600 284 2649 better
294 2605 320 2647 to
329 2598 388 2647 take
399 2604 515 2646 aratrum
524 2613 551 2647 as
560 2597 652 2662 typica]
660 2597 689 2646 of
694 2597 737 2646 the
745 2596 841 2646 secular
849 2596 965 2661 pursuits,
976 2594 1062 2646 which

202 2676 267 2726 have
277 2677 341 2726 been
352 2675 509 2736 abandoned,
523 2675 569 2724 but
579 2682 624 2724 not
635 2669 768 2739 sorgotten.

235 2754 296 2804 aleis
308 2760 332 2802 et
341 2753 444 2813 taxillis]
461 2753 508 2816 Cp.
522 2752 562 2802 ch.
571 2752 639 2802 xviii.
654 2768 673 2802 a
685 2760 741 2814 235,
750 2751 801 2800 and
810 2749 880 2814 John
888 2750 917 2800 of
921 2749 1060 2814 Salisbury,

203 2830 320 2880 Policrat.
333 2829 350 2879 i
366 2837 388 2892 5.
423 2828 481 2878 The
491 2829 575 2894 clergy
585 2844 650 2879 were
661 2829 794 2878 forbidden
804 2828 875 2877 these
883 2841 969 2892 games
979 2833 1005 2875 at
1016 2827 1062 2876 the

204 2907 311 2958 Couucil
330 2907 360 2956 ol
378 2907 520 2956 Worcester
537 2907 563 2955 in
584 2919 664 2967 1240:
693 2906 762 2954 “Ne
780 2904 867 2954 ludant
886 2904 919 2953 ad
938 2904 1007 2954 aleas
1021 2903 1062 2954 vel

203 2986 304 3036 taxillos
315 2982 338 3046 ;’'
356 2985 476 3046 Wilkins,
490 2984 612 3045 Concilia,
625 2985 643 3032 i.
656 2982 713 3046 673.

238 3062 377 3122 vacillabit]
395 3061 441 3126 Cp.
454 3062 513 3127 Job,
527 3061 561 3110 iv.
574 3075 591 3123 4
603 3077 611 3120 3
628 3061 661 3110 Is.
677 3059 744 3109 xxix.
758 3071 782 3120 9.

236 3146 265 3189 ut
275 3139 350 3199 testa]
367 3139 446 3202 lnglis
457 3146 486 3188 tr.
502 3140 554 3188 “as
565 3154 580 3187 a
591 3133 792 3201 watering-pot,”
803 3135 848 3184 but
859 3134 902 3184 the
910 3134 1034 3184 reference
1041 3133 1064 3184 is

204 3215 299 3278 clearly
310 3221 336 3264 to
349 3216 389 3264 Ps.
403 3215 453 3265 xxi.
470 3216 500 3266 16
511 3233 517 3266 r
535 3215 628 3264 “aruit
639 3222 758 3278 tanquam
769 3218 834 3263 testa
844 3213 922 3262 virtus
932 3210 1015 3261 mea.’¹

239 3291 324 3341 lumen
340 3326 347 3341 .
368 3291 519 3356 ‚praebereJ
536 3292 584 3356 Cp.
598 3291 722 3353 Wisdom,
734 3289 793 3340 xvii.
808 3298 831 3353 5.
