2324 3982
234 272 268 337 ,s
435 231 436 234 Ὺ
533 270 798 324 anrrosrauorr

236 443 422 522 splendidae,
430 450 590 519 vestesque
596 451 702 502 corma
708 441 843 520 regulam
853 440 1010 517 delicatae,
1019 461 1091 505 nee·

235 559 299 602 non
316 538 523 601 aedificiorum
540 537 671 599 labrioae
692 549 724 601 et
739 548 906 600 castrorum
923 556 1094 618 propugna-

235 638 305 699 cula
317 636 370 697 tali
383 635 569 715 proceritate,
583 653 662 713 quae
680 634 849 713 paupertati
862 653 925 696 uon
937 635 1093 712 convenit,

184 745 224 804 88
237 735 390 796 exaltatae
433 735 560 810 Propter
571 732 647 793 haec
665 731 722 793 tria
740 751 797 793 uos
811 730 888 806 libri,
907 730 960 809 qui
973 751 1095 810 semper

236 848 290 893 eos
303 828 494 909 proveximus
511 829 552 890 sd
570 829 746 905 profectum,
761 839 793 891 et
810 826 888 889 inter
907 839 1049 906 potentes
1062 839 1120 904 ets

237 927 354 990 nobiles
367 928 455 989 sedes
468 924 592 987 honoris
601 924 813 1000 concessimus,
823 924 954 1004 elongati
964 946 983 987 a
993 926 1094 989 cordia

236 1023 394 1085 affectibus
411 1022 497 1102 quasi
515 1023 592 1084 inter
604 1040 825 1100 supervacanea
844 1033 1026 1100 reputamur,
1046 1043 1095 1085 ex·

236 1133 327 1199 cepto
337 1121 420 1199 quod
434 1119 614 1198 quibusdam
628 1117 780 1198 quaternis
792 1119 876 1198 parvi
889 1119 999 1181 valoris
1008 1119 1094 1182 insis

237 1227 314 1294 tunt,
322 1218 363 1278 de
373 1216 481 1296 quibus
493 1216 623 1278 Hiberas
632 1215 755 1277 naenias
763 1227 795 1277 et
804 1217 975 1295 apocrypha
984 1216 1093 1278 delira·

237 1327 341 1379 menta
358 1317 537 1395 producunt,
551 1332 615 1376 non
628 1315 669 1376 sd
684 1314 912 1376 refocillativum
924 1314 1093 1376 animarum
1108 1337 1138 1372 ιο

237 1413 383 1488 edulium,
395 1414 449 1474 sed
463 1413 503 1474 sd
515 1411 661 1491 pruritum
674 1410 775 1489 potius
785 1411 901 1472 aurium
909 1411 1091 1474 auditorum.

186 1511 225 1588 89
239 1514 329 1574 &era
343 1510 488 1588 scriptura
499 1528 562 1570 non
576 1507 744 1586 exponitur,
763 1509 818 1570 sed
833 1508 959 1570 omnino
975 1509 1094 1587 seponi·

238 1618 303 1683 tur;
331 1605 419 1684 quasi
445 1605 514 1667 trita
534 1623 588 1683 per
610 1604 695 1666 vioos
720 1615 752 1667 et
773 1603 913 1668 omnibus
940 1603 1095 1684 divulgata

238 1703 425 1782 supponitur,
453 1701 540 1764 cuius
566 1712 674 1763 tamen.
688 1701 821 1763 fimbrias
847 1701 897 1762 vix
918 1701 1094 1780 paucissimi

238 1801 398 1880 tetigerunt
407 1823 417 1877 3
438 1800 523 1862 cuius
542 1800 633 1862 etiam
657 1811 742 1887 tanta
768 1812 813 1863 est
839 1799 1003 1862 litterarum
1023 1820 1092 1879 pro·
1108 1821 1137 1871 ις

237 1898 377 1975 funditas,
392 1909 425 1960 ut
438 1899 477 1960 ab
491 1900 623 1975 humano
637 1897 805 1984 intqllectu,
825 1908 1093 1975 quantumcunque

238 1995 379 2074 invigilet,
402 2015 521 2057 summo
544 1995 608 2057 otio
629 1993 659 2057 et
683 1993 812 2056 maximo
838 1994 939 2056 studio
959 2006 1094 2072 nequeat

272 2154 284 2192 1
301 2158 393 2192 necnon
410 2149 434 2192 et
451 2142 527 2209 EJa.
544 2146 554 2200 11
571 2149 634 2192 aut
649 2143 675 2192 B
690 2142 939 2208 EJallysupema
952 2147 1092 2194 creamA

237 2228 344 2286 mpema
354 2237 429 2270 cauea
439 2221 466 2270 B
474 2228 652 2285 supemacanes
667 2221 695 2269 D
708 2227 859 2285 supervacua
870 2222 911 2287 Ja.
928 2225 938 2280 11
953 2234 970 2284 9
980 2221 1093 2272 Hiberas

237 2314 288 2349 om.
299 2298 357 2348 edd.
370 2298 457 2348 venias
467 2299 495 2347 D
509 2299 548 2363 Js.
563 2302 574 2356 11
587 2310 617 2347 ro
633 2298 833 2362 refocillationem
842 2299 882 2363 Ja.
896 2304 907 2358 11
921 2312 949 2348 12
960 2301 1094 2364 deponitur

237 2375 319 2440 DJa.
338 2376 392 2433 1116
408 2376 519 2424 humano
535 2375 658 2428 imellectu
675 2390 725 2426 om.
745 2376 770 2424 A
788 2375 1041 2440 1117s'nvigilctom.
1062 2377 1093 2425 D

237 2453 323 2518 mkilet
332 2452 359 2503 B
369 2457 380 2511 11

270 2595 499 2658 Hiberasnaenias]
515 2594 571 2646 The
579 2595 678 2661 phrase,
684 2595 767 2647 which
774 2596 821 2647 has
827 2596 930 2662 puzzled
937 2598 1088 2669 theeditors,

236 2690 321 2726 comes
331 2675 395 2724 from
409 2675 436 2724 S.
452 2672 576 2739 Jerome’s
587 2673 686 2738 preface
702 2681 729 2724 to
741 2675 784 2725 the
795 2675 967 2726 Pentateueh:
985 2676 1090 2739 “Quod

236 2753 309 2803 multi
331 2753 483 2817 ignorantes,
507 2752 707 2818 apocryphorum
729 2752 894 2803 deliramenta
916 2760 1042 2803 sectantur
1063 2763 1091 2804 et

237 2830 452 2880 Hiberasnaenias
461 2829 531 2878 libris
538 2828 688 2878 authenticis
696 2828 874 2893 praeferunt?”
892 2830 916 2880 It
924 2829 1091 2881 isasavonrite

236 2908 326 2973 phrase
336 2907 398 2957 with
407 2907 516 2972 Jerome,
529 2906 580 2955 and
590 2906 612 2956 is
626 2906 725 2971 usually
735 2907 868 2973 explained
890 2913 917 2958 to
933 2907 997 2959 refer
1007 2915 1035 2959 to
1046 2909 1090 2960 the

236 2999 316 3035 errors
327 2984 357 3032 of
364 2983 458 3034 certain
469 2982 575 3033 hereties
586 2982 612 3030 in
625 2982 712 3047 Spain.

268 3059 469 3121 refocillativum]
497 3060 545 3123 Cp.
568 3059 665 3124 Judith,
688 3059 729 3110 vii.
756 3070 788 3122 7²
815 3061 876 3110 “ad
898 3060 1089 3112 refocillandum

235 3141 319 3206 potius
338 3155 414 3204 qnam
436 3140 468 3189 ad
486 3136 653 3204 potandum,''
669 3140 720 3189 and
735 3140 786 3205 Jer.
807 3141 823 3190 i.
846 3152 892 3192 11:
912 3141 973 3191 “ad
990 3141 1088 3192 refocil-

235 3217 338 3267 landam
349 3214 485 3266 animam.”

268 3291 390 3359 fimbrias]
407 3294 455 3358 Cp.
469 3292 544 3344 Matt.
559 3292 608 3344 xiv.
624 3292 661 3358 3fa
