2324 3982
216 270 252 324 8ο
511 271 776 325 PHILOBIBLON

215 454 425 518 correctorum,
435 442 652 522 colligatorum,
663 441 897 503 illuminatorum
911 453 944 504 et
951 461 1073 522 genera·

215 540 282 602 liter
292 540 436 615 omnium,
448 539 502 618 qui
515 551 654 617 poterant
668 538 813 601 librorum
822 538 951 602 servitiis
958 540 1073 602 utiliter

216 637 364 700 insudare
408 641 564 699 Postremo
574 636 674 698 omnis
690 636 847 715 utriusque
856 655 946 698 sexus
961 637 1073 699 omnis·

216 754 275 813 que
295 746 389 797 status
406 737 455 798 vel
475 733 627 815 dignitatis
640 733 786 810 conditio,
808 733 895 795 cuius
916 746 980 796 erat
1001 755 1072 796 cum

216 832 298 894 libris
319 832 449 911 aliquale
469 830 693 906 commercium,
715 830 817 893 cordis
844 831 940 892 nostri
965 831 1097 908 ianuas5

215 931 304 1008 pulsu
320 939 437 1008 poterat
456 928 572 1008 aperire
584 927 726 990 facillime
739 939 771 990 et
783 927 816 989 in
828 938 950 990 nostrae
959 929 1072 1008 gratiae

146 1049 203 1106 144
216 1026 329 1106 gremio
349 1027 581 1089 commodosum
595 1024 724 1104 reperire
742 1025 849 1088 cubile
892 1025 944 1088 Sic
963 1045 1073 1089 omnes

215 1124 392 1187 admisimus
404 1124 526 1187 codices
540 1125 706 1200 afferentes,
721 1134 755 1184 ut
774 1142 930 1202 nunquam
951 1143 1073 1202 praece

216 1221 353 1284 dentium
373 1220 534 1283 multitudo
554 1219 706 1282 fastidium
720 1231 908 1299 posterorum
929 1222 1070 1296 efficeret,

215 1319 264 1380 uel
285 1320 458 1381 hesternum
478 1318 660 1380 beneficium
681 1319 896 1396 praecollatum
920 1317 1071 1395 praeiudi·
1084 1338 1113 1377 ιο

215 1415 296 1478 cium
310 1426 426 1494 pareret
443 1415 598 1477 hodierno.
641 1416 833 1493 Quapropter
843 1434 914 1475 cum
927 1415 1072 1477 omnibus

215 1513 388 1576 memoratis
400 1512 537 1593 personis
550 1511 637 1591 quasi
656 1511 835 1590 quibusdam
855 1512 1070 1575 adamantibus

215 1609 377 1672 attractivis
397 1609 540 1672 librorum
553 1608 662 1689 iugiter
674 1619 833 1683 uteremur,
847 1609 939 1670 fiebat
956 1611 999 1670 ad
1013 1629 1071 1672 nos

215 1706 401 1768 desideratus
420 1725 559 1768 accessus
576 1723 715 1767 vasorum
735 1703 879 1766 scientiae
898 1715 929 1766 et
950 1707 1071 1767 volatus

213 1803 391 1865 multifarius
420 1802 607 1865 voluminum
634 1801 825 1880 optimorum.
882 1803 923 1863 Et
944 1802 1005 1864 boc
1022 1812 1070 1866 est
1083 1822 1110 1873 ις

213 1901 298 1977 quod
310 1899 461 1979 praesenti
474 1900 607 1978 capitulo
620 1898 803 1977 sumpsimus
817 1917 964 1962 enarrare.

247 2093 262 2144 3
272 2096 355 2131 omnes
363 2082 403 2146 Ja.
418 2080 496 2131 Coch.
511 2084 521 2138 ΙΙ
533 2079 549 2129 6
554 2079 627 2144 pulsi
637 2079 665 2128 D
669 2085 788 2144 poterant
795 2078 836 2143 Ja.
844 2077 922 2128 Coch.
938 2083 948 2137 ΙΙ
960 2077 976 2130 8
986 2086 1011 2130 et
1020 2081 1050 2131 D
1057 2085 1067 2139 ΙΙ

213 2169 230 2222 9
235 2159 402 2223 posteriorum
413 2158 471 2209 edd.
486 2162 495 2217 ΙΙ

213 2315 356 2380 Antiquarii
367 2314 410 2379 qui
427 2313 600 2364 tantummodo
611 2310 721 2363 retera”
766 2311 798 2362 In
808 2311 925 2376 practice,
938 2311 1064 2374 however,

212 2393 256 2443 the
277 2401 328 2444 two
350 2399 426 2442 terms
444 2391 496 2440 had
511 2406 583 2440 come
604 2398 631 2440 to
648 2391 680 2440 be
696 2404 872 2455 synonymous,
890 2390 1026 2456 according
1041 2398 1067 2440 to

212 2469 388 2530 wattenbach,
409 2466 584 2519 Schristwesen
600 2467 637 2516 im
653 2466 806 2527 Mittelalter,
825 2478 882 2530 244.
918 2466 969 2517 But
984 2483 1027 2519 see
1042 2482 1063 2518 c.

211 2547 261 2597 xvi.
275 2562 295 2597 s.
308 2556 356 2608 207
362 2552 426 2610 post.

244 2621 429 2687 adamantibus]
447 2622 567 2683 Adamas,
581 2621 625 2672 the
636 2621 720 2672 Greek
731 2618 837 2685 ἀδάμας,
851 2619 934 2670 which
944 2620 972 2670 in
982 2621 1065 2672 classi·

211 2700 250 2752 cal
272 2700 347 2751 Latin
367 2707 452 2750 meant
474 2701 511 2761 (r)
533 2699 604 2759 steel,
624 2700 660 2761 (2)
682 2698 725 2749 the
741 2697 870 2760 diamond,
888 2713 940 2748 was
956 2699 1019 2750 used
1040 2700 1066 2749 in

210 2778 333 2828 medieval
343 2777 465 2828 Latinior
475 2777 518 2827 the
526 2774 664 2837 loadstone,
676 2775 753 2845 being
760 2775 919 2840 erroneousiy
927 2775 1066 2828 connected

211 2855 272 2906 with
283 2856 402 2906 adamare
408 2871 421 2917 ;
437 2870 477 2920 cp.
489 2869 510 2906 c.
524 2854 559 2904 ir.
570 2868 590 2903 s
605 2851 645 2918 58.
