2324 3982
184 291 218 341 24
483 280 745 333 PHILOBIBLON

184 448 347 509 mamillam
373 449 583 527 grammaticae
611 450 795 529 porreximus
822 453 1038 530 exsugendam‚

184 564 275 622 quam
290 546 431 608 dentibus
444 557 536 625 atque
557 547 659 626 lingua
679 548 886 610 contrectastis
906 548 1038 624 assidue,

183 643 283 704 donec
316 645 443 722 dempta
476 643 577 704 nativa
611 643 747 705 barbarie
786 644 894 706 nostris
929 643 1038 723 linguis

131 747 170 819 46
183 737 352 816 inciperetis
370 739 518 818 magnalia
540 737 599 800 Dei
619 739 682 800 sari.
724 742 798 801 Post
818 741 893 801 haec
907 739 1038 818 philoso

183 835 271 912 phiae
289 836 421 897 vestibus
442 837 530 897 valde
544 835 641 910 bonis,
656 835 803 898 rhetorica
819 848 850 898 et
869 836 1037 911 dialectica,
1051 855 1064 905 5

84 1009 89 1014 .
183 951 258 1009 quas
278 935 360 1010 apud
381 952 438 994 nos
458 932 620 994 habuimus
640 944 671 996 et
691 934 847 1009 habemus,
861 954 917 995 vos
937 931 1038 996 indui·

183 1048 259 1102 mus‚
284 1048 357 1090 cum
376 1028 481 1091 essetis
505 1029 589 1105 nudi,
604 1029 690 1108 quasi
711 1031 814 1091 tabula
835 1030 1035 1109 depingenda.

182 1126 298 1186 Omnes
325 1125 405 1186 enim
433 1125 644 1203 philosophiae
671 1126 828 1187 domestici
849 1137 919 1188 sunt
937 1127 1038 1189 vestiti

182 1221 361 1299 duplicibus,
384 1234 417 1284 ut
441 1233 558 1300 tegatur
582 1232 643 1283 tam
665 1222 786 1285 nuditas
809 1243 901 1301 quam
921 1223 1037 1286 ruditas

130 1324 168 1384 47
182 1318 359 1380 intellectus.
415 1321 489 1381 Post
513 1319 597 1394 haec,
622 1330 656 1381 ut
677 1318 749 1380 alati
769 1338 853 1382 more
878 1319 1037 1399 seraphico
1051 1342 1078 1379 ιο

182 1434 272 1493 super
291 1414 435 1476 cherubin
457 1413 648 1491 scanderetis,
668 1413 900 1493 quadrivialium
919 1400 1036 1493 pennas

181 1510 267 1574 vobis
291 1522 420 1590 quatuor
442 1511 648 1590 adiungentes,
671 1511 888 1574 transmisimus
906 1513 947 1574 ad
965 1513 1037 1575 ami-

180 1629 262 1684 cum,
285 1610 325 1670 ad
344 1608 429 1670 cuius
450 1608 571 1684 ostium,
593 1610 667 1670 dum
687 1619 789 1670 tamen
810 1607 948 1686 improbe
962 1611 1035 1688 pul·

213 1738 229 1789 3
245 1733 340 1776 natura
350 1727 377 1776 B
386 1726 416 1776 D
425 1727 522 1791 direpta
532 1733 591 1776 nota
601 1726 659 1776 edd.
675 1725 686 1790 l]
698 1734 712 1789 5
730 1732 812 1776 vestra
824 1726 863 1790 Ja.
882 1728 972 1780 vestra
983 1743 1033 1780 sec.

180 1818 256 1853 manu
264 1804 288 1852 Α
297 1805 337 1868 Ja.
345 1801 356 1867 ΙΙ
368 1803 557 1869 1oserapha'nE
565 1807 575 1862 ΙΙ
585 1814 613 1853 11
623 1803 763 1852 scandentes
768 1803 957 1855 trammzrr'mm
963 1805 1035 1864 edd]

212 1904 338 1969 magnalia
349 1904 410 1967 Dei]
427 1905 475 1970 Cp.
488 1904 559 1955 Eccl.
573 1904 639 1955 xviii
655 1913 689 1969 53
705 1904 767 1955 Acts
778 1905 804 1957 ii.
820 1917 858 1956 11.

212 1981 321 2031 vestibus
342 1981 416 2030 valde
437 1981 521 2043 bonis]
550 1981 626 2031 From
649 1981 712 2032 Gen.
738 1981 813 2031 xxvii.
841 1991 878 2044 15.
918 1983 970 2032 For
992 1983 1036 2034 the

182 2059 289 2107 “vestes
305 2055 502 2123 philosophiae”
513 2074 552 2122 cp.
570 2058 680 2118 Boetius,
694 2059 734 2108 De
747 2057 821 2107 Cons.
838 2057 901 2107 Phil.
916 2059 933 2109 i.
948 2075 986 2123 pr.
1004 2073 1035 2120 ις

180 2134 280 2184 Holkot
291 2135 318 2184 in
330 2135 389 2199 Sap.
404 2143 450 2198 153
463 2134 488 2186 b.
507 2134 572 2195 foll,
592 2134 705 2199 explains
721 2135 792 2184 these
808 2142 836 2184 to
851 2134 883 2184 be
900 2135 943 2185 the
959 2151 1035 2187 seven

179 2210 268 2260 liberal
278 2218 337 2260 arts.

212 2288 298 2336 tabula
307 2287 476 2352 depingenda]
493 2287 548 2338 The
563 2287 653 2353 phrase
669 2287 778 2338 reminds
788 2303 817 2336 us
828 2287 858 2338 of
868 2288 911 2338 the
926 2288 1035 2340 familiar

183 2367 201 2391 ‘⁸
210 2364 296 2414 tabula
306 2380 368 2422 rasa,
373 2363 387 2386 ”
397 2364 488 2424 which,
498 2365 633 2430 according
643 2371 670 2413 to
682 2364 776 2425 Prantl,
792 2365 824 2415 G.
833 2366 879 2415 der
889 2366 982 2430 Logik,
996 2367 1031 2417 iii.

179 2442 237 2503 261,
258 2442 280 2492 is
296 2442 349 2491 first
365 2441 443 2491 found
460 2441 487 2491 in
502 2441 624 2506 Aegidius
641 2441 763 2503 Colonna,
782 2442 833 2493 and
848 2457 909 2506 goes
924 2443 993 2512 back
1008 2444 1038 2495 of

179 2535 265 2570 course
277 2528 304 2570 to
315 2519 445 2578 Aristode,
459 2519 500 2568 De
511 2519 613 2579 Anima,
627 2518 662 2568 iii.
675 2533 700 2581 4.

211 2597 342 2648 domestici
353 2604 410 2647 sunt
420 2596 504 2646 vestiti
515 2596 665 2660 duplicibus]
683 2597 760 2646 From
772 2597 844 2647 Prov.
858 2597 924 2647 xxxi.
940 2611 981 2649 21.

211 2690 281 2724 more
289 2673 429 2738 seraphico]
448 2673 494 2738 Cp.
507 2673 540 2723 Is.
551 2673 584 2722 vi.
594 2685 628 2734 23
644 2686 661 2723 2
672 2673 741 2724 Sam.
752 2685 792 2724 22.
806 2686 833 2723 11
847 2691 855 2735 ;
872 2675 913 2725 Ps.
924 2676 982 2726 xvii.
992 2689 1030 2728 11.

211 2749 412 2814 quadrivialium]
426 2750 483 2800 The
497 2749 610 2799 Trivium
623 2750 741 2800 included
755 2752 894 2811 Grammar,
908 2753 1033 2805 Dialectic

178 2828 228 2876 and
244 2826 439 2877 Rhetoric-the
456 2826 628 2890 introductory
644 2833 713 2886 nrts;
730 2827 773 2876 the
793 2827 968 2890 Quadrivium,
989 2831 1033 2882 the

178 2905 234 2954 four
256 2905 420 2955 solennes-‘⁶
433 2910 539 2968 quatuor
560 2902 740 2969 pennas”-·of
755 2905 847 2967 Music,
869 2906 1030 2969 Arithmetic,

179 2984 322 3046 Geometry‚
336 2982 387 3031 and
398 2981 559 3045 Astronomy.

210 3055 242 3104 ad
254 3056 372 3117 amicum]
390 3056 437 3120 Cp.
453 3055 525 3106 Luke
536 3056 569 3107 xi.
584 3068 609 3116 4,
625 3057 643 3082 “
652 3055 748 3116 Amice,
763 3057 898 3108 commoda
909 3058 972 3108 mihi
982 3066 1033 3110 tres

177 3130 280 3197 panes.''

210 3209 323 3274 improbe
337 3205 478 3273 pulsaretis]
495 3208 526 3259 ib.
542 3206 558 3257 8
569 3226 576 3259 z
604 3208 661 3259 “Si
673 3208 714 3258 ille
726 3211 919 3274 perseveraverit
929 3211 1033 3277 pulsans

178 3323 184 3337 .
205 3322 211 3335 .
232 3322 239 3337 .
259 3293 360 3351 propter
371 3286 556 3351 improbitatem
567 3293 653 3336 tamen
664 3285 717 3351 ejus
727 3285 836 3351 surget.”
