2324 3982
221 303 252 343 12
518 287 780 341 PHILOBIBLON

169 476 222 516 ²2v
260 461 337 539 Quis
364 461 453 540 igitur
472 460 589 522 infinito
608 461 748 522 thesauro
775 458 926 534 librorum,
949 458 991 518 de
1011 474 1076 535 quo

219 558 316 620 scriba
329 559 438 620 doctus
451 560 564 637 profert
581 577 661 619 nova
681 568 712 618 et
725 566 835 631 vetera,
849 575 903 633 per
918 555 1077 632 quodcun-

220 675 281 734 que
306 655 427 717 alterius
452 653 564 734 speciei
595 653 724 733 pretium
751 651 915 714 limitabit?
955 650 1076 712 Veritas

220 751 344 814 vincens
353 751 559 830 superomnia,
569 770 646 830 quae
654 748 909 830 regem,viuumet
918 747 1076 810 mulierem

222 849 453 927 supergreditur,
467 868 559 927 quam
577 847 680 909 amicis
703 849 921 927 praehonorare
943 844 1104 923 officium3

223 945 340 1008 obtinet
354 945 529 1021 sanctitatis,
544 965 623 1025 quae
636 956 682 1008 est
695 956 727 1008 et
734 944 784 1006 via
797 944 861 1006 siue
875 943 964 1005 devio
972 949 1004 1005 et
1014 941 1077 1003 vita

223 1042 289 1104 sine
318 1043 453 1120 termino,
480 1043 529 1104 cui
556 1062 641 1105 sacer
664 1041 787 1104 Boetius
808 1039 944 1102 attribuit
966 1039 1077 1118 triplex

223 1159 299 1214 esse,
320 1139 352 1200 in
372 1152 484 1214 mente,
506 1147 582 1201 vdoe
603 1151 634 1201 et
654 1138 775 1218 scripto,
802 1137 834 1199 in
853 1136 936 1199 libris
958 1136 1079 1199 videtur

223 1255 345 1298 manere
353 1236 453 1297 utilius
462 1248 493 1298 et
504 1235 843 1298 fructificarerecundius
850 1235 891 1295 ad
898 1235 1076 1312 profectum.

173 1347 210 1405 23
224 1335 303 1394 Nam
317 1333 411 1394 virtus
425 1333 509 1394 vocis
523 1332 600 1412 perit
612 1353 682 1394 curn
704 1333 823 1408 sonitu3
846 1331 954 1392 veritas
973 1339 1079 1392 mente
1093 1354 1123 1391 ro

223 1432 319 1491 latens
338 1441 383 1491 est
402 1430 549 1508 sapientia
561 1432 710 1492 absconsa
732 1440 762 1491 et
776 1430 932 1490 thesaurus
945 1426 1060 1488 inrisus
1068 1447 1079 1502 3

222 1526 333 1588 veritas
356 1547 427 1588 vero
449 1546 528 1605 quae
551 1528 631 1589 lucet
650 1525 777 1588 inlibris
794 1525 877 1588 omni
891 1543 924 1586 se
944 1522 1078 1602 discipli·

224 1622 317 1684 nabili
343 1623 445 1684 sensui
472 1623 663 1686 manifestare
689 1623 846 1686 desiderat
889 1621 976 1683 Visui
1002 1621 1079 1682 dum
1112 1684 1115 1689 .

224 1719 338 1798 legitur,
353 1719 467 1781 auditui
490 1721 564 1782 dum
583 1719 709 1796 auditur,
733 1718 860 1800 amplius
881 1729 912 1780 et
932 1717 1026 1780 tactui
1044 1737 1080 1779 se

200 1869 201 1873 ,
225 1816 418 1878 commendat
438 1819 675 1895 quodammodo,
696 1818 770 1878 dum
790 1815 946 1878 transcribi
963 1835 997 1876 se
1015 1834 1124 1888 sus-15

174 1939 212 1993 ²4
225 1913 307 1989 tinet,
322 1913 464 1992 colligari,
487 1915 593 1994 corrigi
611 1924 643 1976 et
664 1914 780 1976 servari
826 1913 944 1975 Veritas
967 1912 1081 1974 mentis

224 2012 333 2085 clausa,
348 2010 419 2072 licet
432 2010 471 2072 sit
485 2013 635 2090 possessio
649 2011 759 2074 nobilis
773 2010 875 2086 animi,
891 2009 962 2089 quia
975 2021 1080 2072 tamen

257 2141 484 2207 anquodcunque
502 2143 532 2193 D
548 2148 558 2202 ΙΙ
575 2152 589 2208 5
606 2151 724 2208 superare
741 2144 836 2193 dantur
852 2143 891 2208 Ja.
910 2146 920 2200 ΙΙ
936 2154 953 2204 9
968 2142 1081 2208 effictum

224 2219 254 2269 D
268 2224 278 2277 ΙΙ
297 2232 327 2268 10
343 2218 434 2268 ventas
449 2222 511 2269 vocis
530 2221 586 2271 edd.
602 2225 652 2279 1111
670 2220 810 2270 abscondata
831 2220 871 2285 Ja.
895 2223 905 2278 11
924 2231 955 2268 12
970 2218 1080 2283 direpto·-

225 2296 283 2346 nala'
291 2295 373 2425 εὲὶέὼΙΙ
387 2307 417 2356 14
427 2302 495 2346 tactu
505 2297 530 2348 A
545 2303 555 2356 ΙΙ
569 2298 599 2348 16
614 2297 728 2348 collocari
742 2310 759 2348 2
770 2302 780 2356 ΙΙ
795 2306 823 2360 17
833 2297 920 2348 animi
927 2302 1011 2346 taam
1022 2311 1080 2346 cum

225 2379 292 2423 caret
363 2380 372 2434 ΙΙ

226 2524 298 2574 cated
315 2530 342 2574 to
358 2524 459 2589 Europe
474 2524 508 2588 by
525 2523 568 2574 the
585 2524 677 2584 Arabs,
695 2524 746 2574 and
763 2523 806 2575 the
821 2538 895 2574 name
911 2521 1042 2588 Aimagest
1058 2520 1081 2574 is

226 2600 322 2650 formed
333 2601 362 2649 of
370 2601 413 2651 the
424 2594 521 2650 Arabio
530 2600 616 2651 article
628 2600 678 2650 and
689 2601 732 2650 the
743 2600 827 2651 Greek
837 2600 946 2666 μεγίστη.

258 2693 325 2727 nova
335 2685 360 2728 et
371 2677 465 2740 vetera]
484 2679 560 2727 From
572 2679 647 2728 Mart.
661 2677 712 2728 xii'a
728 2688 767 2741 52.

258 2756 350 2806 veritas
361 2757 472 2818 vincens]
490 2757 536 2822 Cp.
551 2768 567 2819 3
579 2756 681 2816 Esdras,
694 2756 730 2806 iii.
744 2756 796 2806 and
806 2756 841 2806 iv.

259 2832 345 2881 amicis
366 2833 559 2898 praehonorare]
595 2833 658 2884 This
677 2849 757 2884 seems
775 2840 802 2884 to
821 2832 886 2883 refer
902 2838 930 2882 to
948 2831 1079 2892 Aristotle,

227 2909 288 2960 Eth.
302 2910 319 2959 i.
332 2910 356 2960 6.
373 2923 403 2962 1:
431 2910 525 2976 ἀμφοῖν
542 2911 591 2976 γὰρ
608 2911 695 2961 ὄντων
711 2911 792 2976 phono
809 2909 878 2960 ὅσιον
896 2911 1020 2975 προτιμᾶν
1035 2911 1083 2970 niv

228 2984 372 3125 &QZ-s]
391 3062 432 3113 On
444 3064 487 3113 the
499 3064 540 3114 De
552 3064 698 3128 Interpret,
713 3063 808 3127 Migne,
823 3062 881 3112 lxiv.
896 3077 922 3127 p.
934 3069 990 3124 297.

261 3137 338 3187 virtus
354 3140 432 3203 vocis]
450 3141 499 3205 Cp.
515 3153 526 3190 1
545 3141 602 3191 Cor.
616 3140 670 3190 xiv.
684 3153 711 3190 11
724 3156 732 3200 ς
749 3139 845 3204 though
860 3153 898 3190 we
913 3139 1012 3200 should,
1027 3153 1083 3203 per·

228 3212 301 3278 traps,
314 3214 397 3265 rather
408 3216 473 3268 have
483 3218 605 3282 expected
615 3216 714 3267 vm'tar.

260 3289 383 3356 sapientia
396 3293 519 3344 absconsa
534 3301 560 3346 et
570 3295 700 3346 thesaurus
711 3293 815 3357 inrisus]
832 3293 881 3359 Cp.
900 3292 970 3345 Eccl.
986 3309 1028 3344 xx.
1040 3302 1082 3358 32.
