2324 3982
231 261 278 329 '12⁶
477 235 478 239 Ν
524 278 788 330 pnrronrntorr

158 477 213 517 211
270 449 363 509 Porro
404 449 716 526 polychronitudinem
758 448 960 527 antiquorum,
1001 447 1084 526 prius

231 565 322 623 quam
330 545 592 624 Deusoriginalem
603 545 1081 626 mundumcataclysmodilueret,

231 643 459 706 adscribendam
480 643 632 720 miraculo,
652 664 714 706 non
732 655 855 705 naturae
872 642 1013 704 catholici
1030 644 1082 704 de·

232 761 349 803 crevere
371 743 519 817 doctores,
541 751 575 802 ut
597 743 682 801 Deus
704 740 769 819 ipse
793 751 912 800 tantum
937 738 981 799 eis
1004 737 1083 799 vitae

231 838 419 912 concederet,
434 848 580 915 quantum
589 835 771 914 reperiendis
782 847 813 898 et
822 836 853 896 in
862 835 944 897 libris
956 834 1084 896 scriben·
1097 860 1110 910 ς

232 932 279 997 dis
306 934 437 996 scientiis
461 933 653 996 conveniret:
680 934 758 995 inter
780 953 855 1012 quas
883 932 1084 995 astronomiae

232 1031 368 1093 miranda
389 1031 553 1105 diversitas,
572 1041 606 1092 ut
628 1030 898 1108 experimentaliter
917 1029 995 1090 visui
1016 1030 1085 1090 sub·

232 1129 359 1202 deretur,
370 1138 577 1188 sexcentorum
588 1147 736 1189 annorum
746 1127 906 1206 periodum
917 1129 1085 1188 secundum

162 1254 218 1294 212
234 1228 399 1305 Iosephum
413 1225 589 1303 requirebat
632 1228 848 1287 Verumtamen
859 1245 921 1287 non
936 1227 1084 1297 abnuunt,

233 1323 307 1402 quin
340 1334 435 1384 terrae
469 1322 623 1383 nascentia
651 1323 732 1385 illius
766 1323 908 1402 temporis
942 1321 1085 1402 primitivi
1100 1345 1128 1378 10

233 1421 335 1482 utilius
369 1421 544 1482 alimentum
577 1432 761 1498 praestarent
788 1422 965 1482 mortalibus
994 1440 1086 1498 quam

233 1516 378 1591 moderni,
394 1536 456 1595 quo
470 1518 595 1577 dabatur
612 1536 673 1577 non
693 1519 791 1579 solum
813 1516 936 1579 hilarior
953 1516 1088 1596 corporis

279 1718 290 1754 1
297 1705 518 1770 ppolicrr‘tudinem
540 1708 564 1755 A
581 1707 787 1771 polr’crotudr'ncm
804 1707 830 1756 B
850 1707 879 1756 E
890 1707 1088 1772 palentudinem

234 1782 263 1831 D
274 1795 289 1831 2
302 1783 342 1847 Ja.
361 1783 553 1832 sollicitudinem
569 1783 626 1833 edd.
641 1788 680 1845 l4
695 1785 728 1832 eis
744 1799 794 1832 om.
812 1784 852 1848 Ja
867 1788 876 1842 ΙΙ
893 1793 908 1846 7
923 1784 1089 1849 experimento

232 1860 272 1925 Ja.
287 1863 297 1918 lt
309 1859 324 1910 8
335 1860 462 1908 videretur
471 1861 495 1908 A
508 1864 518 1917 ΙΙ
533 1872 563 1908 10
572 1865 671 1909 terrena
682 1861 784 1909 scicntia
795 1861 821 1909 B
831 1865 841 1918 ll
855 1873 882 1910 11
890 1868 1014 1926 prestaret
1024 1862 1052 1912 E
1062 1859 1073 1924 ΙΙ

267 2033 538 2098 polychronitudinern]
554 2036 610 2084 Tha
627 2036 705 2086 MSS.
725 2037 776 2086 and
793 2036 834 2087 the
851 2043 952 2088 context
968 2039 1041 2103 point
1062 2045 1089 2088 to

234 2112 285 2162 this
304 2113 439 2160 barbarous
459 2113 537 2173 word,
557 2113 639 2162 which
658 2115 679 2163 is
698 2113 777 2163 found
795 2114 821 2162 in
842 2115 929 2164 Petrus
946 2115 1087 2174 Comestor,

235 2190 303 2239 fflst.
317 2189 456 2250 Scolartica,
471 2190 570 2251 Esther,
585 2207 606 2239 c.
620 2191 674 2250 vit,
687 2192 770 2240 where
785 2192 810 2240 in
826 2193 952 2256 narrating
968 2193 1011 2242 the
1023 2201 1090 2256 story

235 2267 265 2317 oi
273 2267 314 2315 the
328 2267 475 2330 Septtmgint
485 2267 637 2326 translators‚
651 2269 683 2317 he
695 2284 767 2331 says:
782 2270 799 2294 “
807 2269 917 2317 diluculo
928 2269 1090 2333 egredieban-

236 2353 275 2395 tur
284 2344 317 2393 ad
328 2344 465 2408 optandum
477 2346 528 2408 regi
538 2346 604 2393 bona
612 2353 636 2394 et
648 2342 927 2408 polichronitudinem.”
948 2346 1048 2410 Agloss
1057 2362 1089 2395 on

236 2421 279 2472 the
290 2437 395 2487 passage
406 2421 519 2485 explains
526 2422 580 2471 that
590 2424 608 2447 “
616 2423 817 2486 polichronitudo
826 2423 915 2472 dicitur
927 2424 1014 2482 oratio,
1026 2439 1090 2488 quae

236 2499 264 2550 fit
275 2501 308 2549 ab
319 2499 423 2548 ecclesia
436 2515 482 2563 pro
493 2499 599 2563 regibus,
614 2500 782 2563 pontificibus,
796 2501 951 2565 principibus
967 2506 1047 2552 terrae
1065 2507 1090 2551 et

237 2584 307 2642 optat
318 2575 354 2625 eis
370 2577 437 2624 bona
454 2611 460 2624 .
481 2611 487 2624 .
508 2612 514 2625 .
535 2583 560 2625 et
577 2577 696 2640 temporis
712 2575 920 2641 longitudinem.”
953 2577 1010 2626 The
1021 2576 1091 2627 word

238 2654 259 2703 is
270 2652 442 2717 incorporated
454 2652 480 2700 in
491 2652 533 2701 the
545 2668 600 2702 new
613 2655 734 2718 Ducange
745 2653 809 2703 from
823 2653 988 2714 Diesenbach,
1002 2656 1048 2703 but
1064 2655 1091 2703 in

237 2731 280 2782 the
297 2731 418 2779 incorrect
440 2728 504 2777 form
515 2730 704 2792 politrom'tudo,
724 2731 774 2779 and
794 2731 884 2795 simply
903 2731 965 2780 with
984 2732 1028 2781 the
1050 2748 1091 2780 ex·

236 2808 366 2874 planation
373 2815 455 2871 preces
462 2815 510 2870 pro
521 2807 686 2871 magnatibus.
722 2808 984 2870 Polychronitudinem
1002 2809 1092 2858 should

236 2901 270 2935 no
281 2885 360 2935 doubt
369 2886 400 2933 be
412 2884 522 2933 restored
531 2883 569 2933 ior
574 2885 772 2948 pulcritudinem
783 2886 809 2933 in
819 2887 927 2936 Gervase
938 2886 967 2935 of
976 2887 1090 2949 Tilbury,

237 2963 298 3015 Otia
322 2963 425 3025 imper„
449 2961 484 3010 iii.
515 2962 568 3012 106.
614 2962 665 3010 For
687 2962 730 3010 the
752 2963 849 3026 subJect
872 2969 971 3023 matter,
995 2979 1035 3029 cp.
1062 2965 1088 3014 S.

237 3041 342 3104 August.
356 3040 396 3088 De
410 3040 462 3089 Civ.
478 3039 536 3098 Dei,
550 3055 590 3089 xv.
606 3053 629 3101 9,
641 3040 690 3088 and
703 3052 743 3102 23.

269 3116 406 3167 secundum
422 3114 569 3179 Iosephum]
589 3116 637 3180 Cp.
657 3116 744 3181 Antiq.
758 3117 827 3180 Jud,
842 3117 858 3165 i.
879 3129 902 3179 3,
916 3130 950 3180 9³
969 3118 1033 3181 ἅπερ
1049 3117 1093 3165 οὐκ

236 3193 270 3252 ἦν
281 3193 397 3257 ἀσφαλῶς
408 3192 495 3250 αὐτοῖς
506 3197 632 3256 προειπεῖν
643 3194 677 3257 μὴ
688 3191 795 3252 ζήσασιν
805 3194 947 3254 ἑξακοσίους
954 3195 1091 3253 taram-duc·

238 3271 279 3322 διὰ
291 3269 411 3320 τοσοῦτον
419 3270 467 3334 γὰρ
478 3268 491 3316 ὁ
502 3269 577 3334 μέγας
589 3269 701 3330 ἐνιαυτὸς
713 3271 858 3335 πληροῦται.
