2324 3982
161 271 209 335 146
438 230 439 233 ¹
456 269 719 323 rarroamrorr

440 714 655 812 Capitulum
675 738 732 790 20.

164 889 389 967 Exhortatio
415 889 638 966 scholarium
660 891 710 968 ad
725 891 1011 990 rependendum

216 1040 284 1114 pro
302 1016 410 1091 nobis
429 1015 606 1115 suffragia
622 1017 772 1091 debitae
789 1014 950 1114 pietatis.

91 1237 147 1300 245
162 1212 331 1310 Tempus
345 1225 404 1285 iam
418 1225 559 1303 efflagitat
572 1225 729 1288 terminare
742 1234 908 1301 tractatum,
919 1245 1011 1305 quem

161 1325 201 1385 de
220 1341 321 1383 amore
341 1323 484 1384 librorum
507 1324 721 1401 compegimus,
742 1325 856 1400 inquo
879 1334 1013 1384 contem·

159 1439 359 1498 poraneorum
372 1431 542 1480 nostrorum
559 1419 804 1480 admirationibus
817 1421 857 1482 de
876 1438 914 1480 eo
928 1420 1013 1497 quod

160 1527 277 1577 tantum
305 1517 396 1577 libros
430 1517 588 1577 dileximus
621 1519 766 1578 rationem
781 1517 921 1595 ‚reddere
956 1518 1012 1578 nisi

160 1633 273 1674 sumus.
314 1616 427 1674 Verum
442 1615 512 1690 quia
519 1615 569 1673 vix
583 1616 669 1675 datur
679 1612 791 1691 aliquid
806 1614 921 1692 operari
936 1633 1039 1688 mor-5

160 1710 278 1785 talibus,
294 1711 377 1787 quod
400 1710 509 1770 nullius
526 1721 710 1788 respergatur
723 1709 845 1787 pulvere
862 1711 1012 1783 vanitatis,

162 1808 329 1868 studiosum
347 1826 488 1882 amorem,
504 1826 593 1884 quem
611 1807 653 1868 ita
673 1807 847 1868 diuturnum
866 1809 906 1868 ad
919 1809 1014 1871 libros

161 1903 321 1964 habuimus
347 1904 508 1965 iustificare
529 1904 647 1981 penitus
674 1916 736 1964 non
763 1904 918 1978 audemus,
937 1904 1013 1983 quio

160 2002 248 2062 suerit
258 2002 357 2060 sorsan
369 2001 455 2060 nobis
465 2001 648 2077 quandoque
658 2000 777 2061 occasio
788 1999 913 2061 alieuius
921 2003 1014 2079 negli-

160 2097 278 2176 gentiae
291 2096 423 2168 venialis,
433 2099 570 2173 quamvis
580 2097 688 2157 amoris
703 2099 825 2157 materia
838 2097 875 2157 sit
885 2099 1014 2159 honesta
1027 2119 1055 2154 ιο

90 2194 147 2265 246
162 2206 192 2256 et
205 2193 331 2255 intentio
352 2196 491 2273 regulata
535 2193 566 2254 Si
586 2213 718 2271 namque
735 2213 805 2254 cum
818 2197 921 2255 omnia
934 2196 1012 2257 fece·

161 2294 261 2365 rimus,
279 2310 379 2352 servos
398 2311 454 2352 nos
473 2291 593 2352 inutiles
607 2292 706 2352 dicere
722 2302 876 2352 teneamur
885 2313 894 2366 ;
915 2293 939 2352 si
955 2293 1014 2354 Iob

163 2390 366 2450 sanctissimus
388 2407 441 2448 sua
462 2407 553 2466 opera
573 2390 674 2449 omnia
693 2391 851 2450 verebatur
858 2409 867 2462 3
888 2388 914 2448 si
931 2387 1015 2450 iuxta

162 2486 1014 2564 Isaiamquasipannusmenstmataeomnessuntiustitiae

163 2594 281 2644 nostrae
292 2607 300 2655 ;
322 2585 389 2661 quis
400 2601 432 2643 se
442 2583 481 2643 de
491 2583 674 2659 perfectione
685 2585 890 2661 cuiuscunque
896 2582 1014 2646 virtutis
1027 2598 1053 2649 ¹5

195 2736 246 2786 Tit.
260 2736 414 2800 repetendum
429 2737 457 2786 D
468 2737 495 2786 E
505 2737 549 2785 die·
557 2736 649 2801 pietati
663 2737 692 2787 D
701 2738 801 2803 pri-tatis
815 2744 858 2789 etc.
874 2738 901 2787 B
912 2743 921 2796 ΙΙ
934 2747 948 2800 7
953 2739 1014 2803 jam

161 2814 312 2863 diuturnum
327 2814 367 2878 Ja.
387 2815 511 2862 diurnum
527 2813 556 2862 D
568 2819 577 2872 ΙΙ
588 2827 604 2876 9
611 2815 727 2879 forsitan
742 2817 772 2865 D
779 2816 873 2880 forsan
889 2816 958 2866 nobis
974 2818 1014 2866 in·

161 2891 260 2940 terdum
268 2891 308 2955 Ja.
323 2896 333 2950 ΙΙ
347 2903 378 2953 14
387 2897 448 2940 sunt
458 2907 508 2940 om.
521 2892 548 2939 E
558 2889 569 2954 ΙΙ

194 3030 296 3095 pulvere
306 3031 433 3092 vanitatis]
450 3031 497 3095 Cp.
512 3030 619 3080 micui.
636 3043 673 3080 10.

194 3123 278 3157 servos
288 3107 397 3167 inutiles]
415 3106 464 3171 Cp.
476 3108 547 3156 Luke
559 3108 616 3157 xvii.
633 3120 670 3157 10.

194 3200 270 3248 opera
280 3184 422 3244 verebatur]
439 3185 515 3232 From
523 3185 574 3250 Job
586 3185 618 3234 ix.
633 3182 674 3235 28.

194 3276 291 3326 parmus
301 3261 477 3322 menstruatae]
494 3262 569 3313 From
582 3263 615 3313 Is.
629 3261 688 3312 lxiv.
701 3255 726 3312 6.
