2324 3982
216 309 250 362 28
498 307 762 360 PHILOBIBLON

164 483 202 545 53
216 475 387 555 turpissima
413 475 568 554 puniendi
610 479 701 537 Tunc
727 478 883 555 elongatur
905 475 1023 538 amicus
1042 485 1073 538 et

215 572 377 652 proximus,
405 591 464 634 nec
498 583 543 634 est
580 572 633 650 qui
668 573 772 634 doleat
804 571 902 634 vicem
932 584 1071 634 vestram.

216 671 322 731 Petrus
352 669 429 729 iurat
456 688 490 730 se
516 668 672 730 hominem
698 688 762 730 non
789 667 928 731 novisse:
962 670 1072 747 vulgus

216 766 327 827 clamat
335 765 497 826 iusticiario
510 788 518 827 r
539 765 697 844 Crueifige,
708 765 849 844 crucifige
863 785 932 827 eum
945 768 952 826 l
965 763 1072 842 quoni·

216 881 267 924 am
295 862 321 924 si
345 864 427 923 hunc
454 862 591 940 dimittis,
613 863 753 925 Caesaris
776 863 891 924 amicus
917 881 980 924 non
1001 861 1098 937 eris.5

218 961 284 1021 Iam
302 958 390 1038 periit
409 958 509 1021 omnis
527 961 605 1038 fuga,
620 979 691 1020 nam
711 969 783 1022 ante
800 959 931 1023 tribunal
950 968 1072 1036 oportet

216 1055 323 1131 assisti,
344 1075 401 1117 nec
427 1057 512 1117 locus
540 1055 672 1134 suppetit
699 1055 871 1134 appellandi
895 1055 950 1116 sed
971 1056 1072 1116 solum

164 1163 205 1225 54
217 1151 414 1230 suspendium
435 1163 634 1230 exspectatur.
677 1155 761 1213 Dum
783 1152 828 1213 sic
848 1151 968 1213 tristitia
988 1170 1072 1212 oom-

215 1248 310 1328 plevit
324 1268 377 1310 eor
390 1248 492 1309 miseri
506 1260 537 1310 et
551 1250 634 1310 solae
655 1251 808 1313 Camenae
821 1250 938 1310 lacerae
950 1247 1072 1310 fletibus

215 1364 268 1408 ora
292 1345 397 1425 rigant,
420 1348 454 1407 fit
476 1347 596 1407 balatus
620 1345 764 1424 angustiis
792 1335 928 1423 undique
954 1364 1073 1406 memor
1087 1367 1115 1402 ιο

215 1442 312 1504 nostri
334 1454 364 1504 et
388 1452 421 1503 nt
446 1442 539 1503 evitet
562 1442 668 1504 mortis
694 1441 880 1521 propinquae
907 1440 1073 1520 periculum

215 1539 387 1618 antiquatae
405 1549 557 1613 tonsurae,
572 1559 664 1617 quarn
679 1539 827 1614 dedimus,
841 1557 970 1616 parvum
979 1556 1073 1615 prae-

215 1638 271 1698 fert
283 1636 488 1714 signaculum,
501 1635 672 1714 supplicans
683 1647 718 1696 ut
728 1654 872 1698 vocemur
891 1635 924 1696 in
937 1633 1073 1695 medium

215 1743 247 1795 et
259 1731 361 1793 collati
374 1731 507 1793 muneris
521 1743 613 1794 testes
628 1731 730 1794 simus
765 1735 855 1793 Tunc
867 1728 1074 1793 misericordia

215 1828 317 1889 statim
345 1829 420 1889 moti
445 1827 629 1890 occurrimus
652 1829 715 1890 filio
734 1827 862 1907 prodigo
886 1837 917 1889 et
938 1846 957 1888 a
979 1826 1073 1904 portis
1088 1846 1115 1898 ις

164 1925 201 1986 55
215 1925 322 1987 mortis
337 1944 455 1986 servum
466 1925 608 2003 eripimus
621 1923 787 2004 fugitivum
824 1925 985 2002 Legendus
997 1923 1074 1987 liber

248 2081 837 2148 7appatitDllolachrymanal10valatusA
845 2080 1056 2131 BvallaturDE
1063 2085 1073 2138 ΙΙ

220 2247 224 2251 -
246 2228 327 2272 morte
337 2219 491 2286 turpissima]
510 2223 587 2272 From
597 2223 679 2273 Wisd.
693 2222 719 2273 ii.
733 2235 773 2272 ao.

246 2300 377 2363 elongatur
387 2298 492 2363 amicus]
521 2300 597 2349 From
612 2301 652 2350 Ps.
666 2299 767 2349 lxxxvii.
784 2310 814 2361 19
825 2317 832 2350 r
853 2298 994 2364 ‘elongasti
1005 2314 1020 2348 a
1031 2314 1073 2348 me

215 2375 325 2425 amicum
336 2374 357 2425 ι’
376 2392 415 2441 cp.
436 2377 549 2440 elongati,
571 2391 591 2426 s.
611 2374 653 2426 88.
688 2378 715 2426 1r
732 2376 816 2425 would
834 2391 902 2426 seem
921 2375 1026 2426 difficult
1045 2383 1072 2426 to

214 2452 293 2502 doubt
313 2452 356 2502 the
378 2453 497 2516 meaning
516 2453 546 2503 os
560 2453 603 2502 the
622 2453 701 2514 word,
721 2453 767 2503 but
786 2454 834 2503 Mr.
855 2453 963 2517 Lumby,
984 2454 1011 2503 ln
1032 2453 1073 2503 his

216 2529 328 2594 glossary
349 2535 377 2578 to
399 2527 524 2592 Higden’s
546 2529 755 2593 Polychronicon,
780 2529 895 2594 explains
916 2530 1025 2594 elongati
1045 2538 1072 2589 to

212 2622 288 2656 mean
301 2608 308 2631 ‘
319 2606 477 2669 encouraged
488 2607 523 2670 by
533 2607 675 2671 persuasive
686 2607 818 2672 language,
831 2606 957 2657 cheered.¹

246 2683 334 2731 Petrus
345 2682 419 2742 iurat]
437 2682 483 2746 Cp.
498 2683 572 2732 Mart.
586 2682 646 2732 xxii.
665 2692 713 2745 72:
734 2684 752 2710 “
761 2698 813 2735 non
824 2682 882 2732 novi
897 2681 1052 2734 hominem.”

246 2759 381 2822 Crucifige]
398 2758 445 2823 Cp.
457 2758 526 2822 John
540 2759 588 2809 xix.
603 2760 628 2818 6,
644 2771 682 2810 12.

246 2836 320 2901 periit
332 2836 413 2886 omnis
424 2835 493 2899 fuga]
511 2836 558 2900 Cp.
574 2836 614 2886 Pa
629 2836 686 2887 cxli.
701 2844 715 2899 5
728 2854 735 2886 ι
752 2835 825 2901 periit
834 2851 851 2885 a
861 2851 903 2886 me
912 2835 979 2901 luga.

246 2913 693 2977 antetribuna11Cp.2Cor.v.1o.

247 2989 383 3051 Camenae]
395 2990 473 3039 From
480 2990 590 3051 Boetius,
600 2990 642 3039 De
651 2990 726 3041 Cous
737 2989 814 3050 Phil,
825 3004 841 3039 ι
852 2995 923 3040 metr
936 3002 964 3040 1
978 2989 1072 3041 “Ecce

214 3065 276 3116 mihi
287 3066 383 3117 lacerae
394 3067 490 3118 dictam
500 3067 631 3118 scribenda
642 3067 770 3118 Camenae
781 3067 816 3118 Et
823 3066 888 3118 veris
896 3066 961 3180 elegi
972 3065 1072 3118 fletibus

215 3158 259 3196 ora
269 3140 378 3207 ῐίςαιιῐ3’

247 3235 263 3267 a
273 3219 352 3283 portis
363 3215 461 3279 mortis]
480 3218 527 3283 Cp.
542 3219 583 3269 Ps.
597 3219 644 3270 cvi.
662 3218 699 3270 18

247 3295 367 3360 legendus
383 3295 458 3357 liber]
475 3296 530 3348 The
550 3297 624 3348 claim
639 3304 666 3348 to
682 3297 725 3349 the
736 3297 898 3364 pubalegt'um
914 3297 1030 3360 clericale,
1043 3313 1072 3348 or
