2324 3982
383 297 649 352 ceramum.
917 310 935 364 9

81 468 518 531 virusevacuausabhabente!
537 467 935 533 Omunuscaelestelibera·

81 564 173 626 litatis
181 564 310 640 divinae,
321 566 636 628 descendensaPatre
644 567 799 642 luminum,
810 576 844 628 ut
852 585 935 628 meu·

82 673 142 723 tem
155 661 332 723 rationalem
345 664 492 740 provehas
506 662 648 740 usquein
661 664 795 723 caeluml
837 665 887 723 Tu
901 681 933 724 es

81 757 251 820 intellectus
260 757 397 821 caelestis
404 758 556 833 alimonia,
568 779 659 837 quam
668 757 721 838 qui
730 761 824 822 edunt
833 761 934 821 adhuc

82 855 222 930 esurient,
235 875 327 933 quam
348 855 400 933 qui
416 856 525 918 bibunt
537 858 637 918 adhuc
657 855 767 930 sitient,
782 868 812 919 et
832 858 962 935 largn-5

83 951 160 1012 entis
174 952 291 1014 animae
305 953 461 1014 harmonia
474 953 646 1028 laetificans,
664 973 755 1031 quam
775 953 828 1031 qui
848 952 934 1015 audit

31 1050 68 1107 16
82 1052 252 1112 nullatenus
277 1052 485 1113 confundetur.
535 1054 584 1111 Tu
601 1071 635 1113 es
655 1071 773 1112 morum
794 1052 934 1112 modera-

83 1147 138 1208 trix
151 1158 183 1210 et
196 1149 307 1226 regula,
321 1149 488 1210 secundum
503 1168 594 1226 quam
608 1168 735 1227 operans
748 1168 811 1210 nou
827 1167 934 1226 pecca·

81 1244 134 1307 bit.
178 1248 235 1306 Per
261 1256 292 1308 te
318 1265 402 1325 reges
429 1256 555 1325 regnant
582 1257 613 1308 et
637 1246 736 1324 legum
763 1245 935 1308 conditores

81 1340 158 1403 iusta
170 1342 347 1404 decernunt
389 1344 447 1403 Per
465 1353 496 1404 te
515 1341 652 1420 deposita
674 1343 802 1404 ruditate
824 1341 933 1414 nativa,
948 1361 978 1398 ro

81 1437 211 1498 elimatis
231 1437 358 1517 ingeniis
382 1449 473 1517 atque
495 1437 614 1517 linguis,
638 1437 778 1500 vitiorum
796 1437 933 1500 sentibus

81 1535 234 1597 cocffossis
254 1534 407 1610 radicitus,
430 1535 531 1614 apices
553 1547 778 1613 consequuntur
801 1533 932 1609 honoris,

81 1632 217 1709 fiuntque
235 1643 334 1710 patres
353 1631 465 1710 patriae
484 1643 514 1693 et
534 1631 661 1694 comites
681 1631 858 1711 principum,
880 1629 933 1709 qui

82 1727 147 1788 sine
167 1738 198 1790 te
213 1730 393 1790 conflassent
411 1730 531 1790 lanceas
549 1728 580 1789 in
600 1729 716 1807 ligones
737 1740 767 1791 et
787 1747 932 1805 vomeres,

81 1825 130 1885 vel
144 1844 214 1885 cum
229 1825 293 1886 filio
307 1824 435 1905 prodigo
448 1838 606 1904 pascerent
619 1828 695 1887 forte
709 1845 784 1886 sues.
804 1885 806 1888 ,
949 1842 978 1892 ¹5

30 1945 66 2005 17
122 1924 194 2000 Quo
212 1923 287 1984 lates
302 1921 464 2001 potissime,
478 1925 646 2002 praeelecto
660 1924 816 1984 thesaure!
837 1933 868 1984 et
880 1920 934 1984 ubi

82 2030 112 2080 te
126 2019 275 2097 reperient
288 2019 408 2081 animae
418 2019 612 2082 sitibundae?

124 2120 162 2176 In
171 2116 253 2178 libris
260 2117 461 2195 proculdubio
469 2116 594 2194 posuisti
603 2118 827 2178 tabernaculum
838 2127 931 2191 tuum,

81 2213 133 2275 ubi
158 2225 188 2275 te
208 2212 344 2275 fundavit
362 2213 544 2290 Altissimus,
564 2216 666 2276 lumen
687 2213 844 2290 luminum,
858 2214 934 2275 liber

113 2397 129 2449 3
149 2386 179 2434 in
196 2402 246 2437 om.
267 2387 292 2436 A
308 2387 334 2437 B
349 2387 424 2437 Eod
441 2387 499 2438 odd.
522 2392 531 2446 ΙΙ
549 2396 563 2451 5
580 2388 737 2437 esun'eenttl
757 2388 934 2451 languentium

80 2464 181 2512 ane'tnas
202 2465 260 2515 edd.
282 2468 292 2522 ΙΙ
314 2476 341 2514 11
359 2465 440 2530 sciretis
458 2466 483 2515 A
500 2465 613 2515 mulus
629 2466 658 2516 D
676 2469 685 2523 ΙΙ
705 2476 735 2514 12
753 2465 868 2529 confosse?
883 2465 910 2514 B
923 2468 933 2524 ΙΙ

84 2542 532 2609 13comiteemDfl16preeffeo‘eAll
547 2542 606 2594 18t.
619 2543 805 2593 ιίιιιϊιναῠίίιί.
817 2543 895 2601 edrlll

115 2686 189 2736 Putre
199 2685 333 2748 luminum}
350 2688 426 2736 From
436 2687 530 2751 Jemes,
543 2687 561 2737 i.
575 2696 612 2748 17.

113 2763 196 2814 adhuc
206 2761 323 2823 esuriem]
340 2765 418 2814 From
429 2763 498 2814 Eccl.
513 2764 579 2813 xxiv.
590 2776 640 2825 29:
657 2778 698 2828 cp.
710 2763 786 2829 John,
799 2762 833 2813 vi.
847 2771 889 2827 35.

112 2841 254 2905 languentis
265 2837 374 2900 animae]
391 2841 439 2905 Cp.
452 2841 578 2901 Wisdom,
591 2841 649 2891 xvii
664 2839 687 2890 8.

112 2919 255 2969 nullatenus
266 2918 442 2980 confundetur]
458 2919 506 2984 Cp.
521 2920 563 2970 Ps.
578 2918 659 2969 xxxvi.
674 2931 726 2980 203
748 2917 814 2969 Phil.
828 2917 848 2969 i.
858 2929 899 2969 20.

115 2997 163 3047 Per
173 3003 198 3046 te
209 2997 291 3061 reges]
307 2997 381 3047 Ptov.
395 2995 446 3046 viii.
464 3006 501 3060 ις.

114 3073 142 3124 in
151 3073 258 3137 ligones]
275 3074 322 3139 Cp.
335 3073 403 3138 Joel,
415 3073 450 3124 iii
468 3087 505 3125 10.
542 3072 661 3124 Cocheris
675 3071 761 3122 thinks
772 3071 815 3123 the
826 3072 936 3138 copyists

80 3151 146 3202 have
167 3151 306 3201 blundered
327 3152 377 3201 and
398 3150 517 3216 absurdly
532 3165 653 3216 proposes
675 3157 701 3200 to
722 3149 782 3200 reod
803 3150 895 3214 ligones
912 3156 937 3201 ce

81 3245 186 3280 vomeres
196 3229 225 3278 in
236 3229 340 3279 lanceas.
375 3228 432 3278 'l'he
442 3229 515 3294 point
526 3228 547 3277 is
557 3227 612 3278 that
628 3227 700 3278 those
710 3227 769 3279 who
780 3227 861 3293 might
871 3227 936 3279 heve

81 3307 186 3357 become
197 3305 285 3357 rustics
294 3321 336 3357 are
346 3306 451 3358 soldiers
461 3306 490 3357 ol
497 3306 540 3356 the
552 3305 659 3356 Chureh.
