2324 3982
217 303 263 354 118
521 302 784 355 PHILoBIBLON

215 469 360 548 potentia,
388 471 463 531 dum
495 490 550 549 per
580 489 633 532 eos
664 473 738 532 fines
769 481 831 532 tam
861 471 945 532 orbis
977 492 1071 551 quam

216 566 359 646 temporis
380 566 537 643 cemimus,
553 579 584 629 et
603 587 640 630 ea
660 587 739 646 quae
759 588 822 629 non
842 579 920 644 sunt,
936 567 1016 630 sicut
1036 588 1072 632 ea

216 675 394 742 quaesunt,
418 665 504 743 quasi
525 665 557 726 in
581 667 716 743 quodam
742 666 925 728 aeternitatis
947 669 1072 746 speculo

147 763 203 838 198
217 765 462 841 contemplamur.
500 766 623 825 Montes
637 763 818 840 scandimus,
833 765 1010 844 abyssorum
1023 783 1072 826 vo-

217 859 332 938 ragines
353 872 579 938 perscrutamur,
604 861 720 940 species
740 860 867 939 piscium
889 880 968 939 quos
991 880 1072 923 com·
1083 891 1095 943 ς

215 957 316 1018 munis
329 977 381 1019 aer
394 977 586 1036 nequaquam
604 957 738 1020 similiter
753 957 898 1034 continet,
919 957 1071 1022 intuemur

216 1055 390 1130 codicibus;
421 1056 578 1117 fluviorum
600 1067 630 1117 et
651 1055 779 1117 fontium
807 1056 991 1118 diversarum
1015 1068 1071 1118 ter-

215 1173 313 1214 rarum
324 1151 519 1231 proprietates
529 1153 759 1231 distinguimus3
780 1155 969 1215 metallorum
979 1165 1070 1232 atque

216 1270 402 1329 gemmarum
423 1270 532 1329 genera
555 1262 585 1312 et
604 1250 736 1312 minerae
757 1251 903 1329 cuiusque
929 1251 1070 1314 materias

217 1349 256 1409 de
277 1347 359 1409 libris
383 1348 554 1423 effodimus,
577 1350 796 1426 herbarumque
818 1348 904 1427 vires,
928 1351 1069 1411 arbomm
1082 1377 1107 1411 lo

216 1457 246 1507 et
272 1447 440 1524 plantarum
463 1445 656 1520 addiscimus,
688 1447 864 1523 prolemque
890 1456 988 1508 totam
1015 1467 1070 1526 pro

216 1542 301 1604 libito
315 1543 464 1605 cernimus
479 1543 623 1621 Neptuni,
639 1543 755 1606 Cereris
770 1555 799 1604 et
814 1543 959 1605 Plutonis.

147 1658 202 1715 199
257 1643 348 1717 Quod
363 1641 388 1702 si
402 1661 457 1703 nos
471 1640 629 1702 caelicolas
643 1638 760 1702 visitare
776 1643 915 1716 delectat,
931 1641 1070 1721 suppedi-

216 1750 313 1800 tantes
337 1742 479 1814 Taurum,
504 1741 673 1801 Caucasum
696 1750 726 1800 et
745 1740 918 1817 Olympum,
943 1738 1069 1802 Iunonis

216 1854 307 1914 regna
321 1836 565 1909 transcendimus,
581 1856 617 1896 ac
638 1847 761 1913 septena
777 1835 922 1896 territoria
935 1837 1068 1914 planeta·
1081 1855 1104 1906 ις

216 1952 283 1993 rum
296 1933 436 1993 funiculis
450 1944 479 1994 et
490 1933 608 1994 circulis
622 1933 786 1995 emetimur.
829 1936 934 2012 Ipsum
945 1936 1069 1996 tandem

216 2033 437 2091 firmamentum
448 2050 629 2109 supremum,
640 2030 737 2109 signis,
744 2032 885 2110 gradibus
896 2043 926 2093 et
937 2032 1069 2112 imagini-

251 2228 261 2264 1
279 2232 317 2265 eos
328 2223 436 2280 potentes
445 2217 514 2282 fines
530 2217 559 2266 D
570 2222 606 2275 lla
622 2217 761 2266 terminum
775 2218 815 2282 Ja.
830 2223 839 2275 l
852 2232 897 2279 45.
910 2223 934 2268 et
948 2235 973 2268 a.
988 2220 1045 2270 edd.
1060 2224 1069 2276 ll

217 2293 233 2342 6
249 2310 294 2342 aer
309 2329 315 2342 .
331 2329 337 2343 .
353 2331 359 2344 .
376 2296 484 2343 continet
500 2310 548 2344 om.
569 2297 593 2342 A
611 2295 749 2344 salubriter
763 2296 789 2344 B
804 2297 831 2344 E
847 2296 906 2346 edd.
920 2301 930 2354 ΙΙ
947 2307 962 2360 7
971 2298 997 2362 f.
1011 2306 1033 2347 et
1043 2298 1067 2347 d.

216 2370 273 2421 edd.
285 2375 321 2432 [19
333 2387 439 2419 munera
455 2372 482 2420 E
493 2376 502 2428 ll
517 2384 543 2420 11
556 2370 718 2434 planetarum
733 2372 772 2436 Ja.
787 2377 840 2429 1112
856 2374 929 2423 lditu
945 2376 974 2425 E
989 2376 1045 2426 edd.
1060 2375 1071 2439 [Ι

220 2460 250 2510 14
260 2449 327 2497 Iovis
337 2447 364 2497 E
375 2448 401 2496 in
412 2463 509 2497 rasurar
520 2448 577 2498 edd.
592 2453 601 2506 ΙΙ
613 2457 641 2512 15
653 2456 771 2514 arreptam
783 2451 840 2499 edd.
855 2455 864 2509 ll

249 2623 311 2672 fines
322 2629 374 2672 tam
385 2621 463 2684 orbis]
482 2622 528 2686 Cp.
541 2621 600 2686 Job,
615 2621 699 2671 xxviii.
714 2635 754 2684 24

248 2717 278 2750 ea
289 2715 353 2764 quae
364 2714 415 2748 non
426 2698 492 2760 sunt]
511 2700 586 2747 From
599 2700 672 2748 Rom.
687 2700 719 2749 iv.
737 2709 774 2762 17.

249 2777 401 2826 aeternitatis
418 2774 533 2840 speculo]
557 2777 588 2825 In
605 2776 648 2826 the
665 2778 904 2828 Anti-Claudianus
919 2777 949 2828 of
962 2780 1067 2843 Alanus,

217 2854 291 2904 Faith
298 2853 368 2917 gives
378 2853 510 2902 Phronesis
521 2853 649 2902 amirror:
669 2855 688 2879 “
696 2854 747 2902 Hic
754 2854 823 2904 videt
831 2855 956 2919 ingenitas
965 2859 1067 2922 species,

216 2931 357 2994 speculatur
365 2930 434 2980 ideas
442 2931 577 2989 Caelestes,
583 2931 714 2980 hominum
721 2931 821 2991 formas,
831 2933 969 2996 primordia
977 2951 1067 2996 rerum,

216 3008 354 3058 Causarum
377 3023 472 3067 causas,
493 3008 618 3056 rationum
640 3008 745 3069 semina,
769 3008 837 3072 leges
859 3009 1003 3072 Parcamm,
1027 3012 1069 3062 fati

216 3086 313 3146 seriem,
326 3093 486 3148 mentemque
498 3082 648 3134 Tonantis''

249 3162 371 3222 similiter]
390 3162 414 3211 It
425 3161 499 3211 isnot
507 3178 565 3225 easy
574 3169 600 3210 to
610 3178 652 3224 say
661 3161 773 3212 whether
780 3163 897 3212 similiter
904 3179 933 3213 or
940 3166 1072 3216 salubriter

216 3238 520 3303 givesthefeeblersense.
552 3239 712 3288 Therenrarlr
721 3239 809 3290 reculls
818 3240 1001 3307 theburlesque
1009 3243 1071 3293 lines

217 3315 246 3366 ol
259 3316 300 3366 the
312 3315 505 3381 Anti-sacchin:
523 3317 542 3343 “
550 3315 606 3367 The
617 3315 739 3367 feather'd
755 3333 811 3369 racc
822 3317 884 3369 with
893 3319 995 3384 pinions
1005 3319 1069 3371 slrim
