2324 3982
256 279 304 346 ηε
551 279 818 330 ΡΗΙιοΒΙΒιοΝ

253 464 480 539 mathematicis,
492 475 568 527 teste
581 463 750 539 Aristotele,
768 471 798 540 7⁰
809 463 996 527 Ethicorum.
1029 466 1109 541 Qua·

254 573 383 641 propter,
405 562 482 623 sicut
506 582 543 623 ex
567 561 781 641 principiorum
810 561 962 622 evidentia
988 563 1110 622 conclu·

254 659 347 720 sionis
359 659 468 721 veritas
481 660 655 733 declaratur,
668 658 710 719 ita
723 660 898 736 plerumque
908 657 941 718 in
950 658 1109 736 agibilibus

256 775 293 817 ex
305 755 424 817 honesti
438 755 506 816 finis
520 754 689 816 intentione
703 754 822 816 bonitas
836 754 958 815 moralis
971 755 1004 815 in
1018 773 1109 832 opere

255 851 406 930 sigillatur,
422 852 473 913 ubi
487 851 561 912 alias
574 870 650 928 opus
667 851 766 930 ipsum
785 850 911 912 iudicari
925 851 1051 914 deberet
1065 851 1108 912 in·
1122 873 1134 924 ς

256 949 395 1010 differens
409 967 470 1026 quo
484 951 524 1010 ad
538 967 646 1009 mores.

184 1069 200 1108 2
205 1067 242 1126 ³²
297 1048 363 1106 Nos
377 1057 476 1107 autem
490 1047 529 1105 ab
541 1044 614 1106 olim
628 1045 658 1104 in
673 1043 854 1122 praecordiis
867 1043 977 1107 mentis
991 1055 1111 1106 nostrae

256 1142 442 1220 propositum
467 1141 613 1219 gessimus
638 1142 812 1216 radicatum,
835 1154 983 1220 quatenus
1005 1161 1112 1220 oppor-

257 1240 339 1303 tunis
352 1238 535 1317 temporibus
550 1239 728 1316 exspectatis
739 1238 882 1301 divinitus
895 1241 997 1300 aulam
1011 1259 1112 1317 quam-

213 1355 216 1359 ’
257 1341 329 1400 darn
348 1337 380 1397 in
396 1338 559 1398 reverenda
577 1335 769 1396 universitate
783 1335 958 1412 Oxoniensi,
976 1336 1111 1398 omnium
1126 1355 1151 1393 ro

256 1433 424 1497 liberalium
438 1432 545 1494 artium
567 1433 682 1494 nutrice
701 1431 870 1512 praecipua,
884 1433 915 1493 in
936 1445 1112 1511 perpetuam

258 1535 479 1609 eleemosynam
490 1531 694 1604 fundaremus,
703 1529 1113 1608 necessariisqueredditibns

257 1631 430 1691 dotaremus
441 1649 450 1702 3
494 1645 584 1704 quam
615 1625 782 1688 numerosis
813 1626 998 1688 scholaribus
1025 1646 1113 1688 occu-

258 1737 371 1804 patam,
398 1735 568 1786 nostrorum
595 1721 739 1784 librorum
766 1723 912 1784 localibus
939 1723 1111 1800 ditaremus,

258 1833 292 1884 ut
306 1821 363 1899 ipsi
376 1820 443 1881 libri
457 1831 487 1882 et
502 1818 611 1897 singuli
625 1821 792 1880 eorundem
805 1840 984 1882 communes
997 1823 1111 1896 fierent,
1126 1838 1150 1888 ις

258 1929 405 1997 quantum
414 1919 454 1978 ad
462 1936 550 1978 usum
559 1927 589 1978 et
598 1915 810 1992 studium,non
819 1919 916 1978 solum
927 1918 1113 1980 scholaribus

258 2016 344 2076 aulae
371 2024 476 2088 tactae,
503 2014 558 2073 sed
585 2032 640 2090 per
666 2032 720 2074 eos
747 2013 887 2075 omnibus
915 2013 1113 2075 universitatis

259 2110 430 2190 praedictae
464 2109 654 2170 studentibus
688 2109 720 2169 in
754 2120 917 2185 aeternum,
946 2113 1113 2174 secundum

296 2291 307 2327 1
318 2277 521 2343 philosophorum
529 2278 643 2341 principe
658 2278 684 2326 E
695 2277 753 2327 edd.
767 2275 778 2341 ΙΙ
789 2292 806 2339 4
817 2278 977 2342 insigillatur
986 2287 1057 2344 opere
1067 2279 1094 2328 E
1104 2284 1114 2337 ll

261 2366 276 2421 5
287 2357 316 2405 in
327 2355 471 2420 dr'fferentiis
480 2356 509 2404 D
520 2359 529 2412 ΙΙ
544 2366 573 2416 13
584 2355 719 2403 ditaremus
729 2356 769 2424 Ja.
783 2355 841 2405 edd.
855 2371 951 2420 quam.
972 2391 979 2406 .
1000 2392 1007 2407 .
1021 2364 1053 2406 ut
1063 2371 1112 2407 om.

260 2437 285 2485 A
299 2438 308 2492 ll
322 2446 352 2495 14
362 2433 477 2483 localibus
487 2433 695 2497 superditaremm
708 2445 719 2481 1
733 2437 742 2490 ΙΙ
753 2441 781 2496 17
792 2433 910 2483 omnibus
920 2448 970 2483 om.
985 2434 1013 2483 E
1023 2432 1035 2498 ΙΙ

294 2605 357 2649 teste
376 2594 521 2657 Aristotele]
545 2595 588 2644 vii.
603 2594 627 2656 8,
640 2611 672 2657 4:
690 2596 718 2646 ἐν
728 2595 753 2645 δὲ
770 2600 828 2655 ταῖς
842 2594 943 2661 πράξεσι
954 2597 984 2648 τὸ
1000 2598 1031 2648 dv
1048 2597 1116 2650 ἓνεω

263 2675 336 2742 ἀρχὴ,
347 2675 430 2739 ὥσπερ
441 2672 469 2722 ἐν
479 2677 533 2732 τοῖς
541 2674 721 2738 μαθηματικοῖς
732 2673 758 2721 ai
769 2671 902 2732 ὑποθέσεις.

295 2753 385 2802 artium
400 2750 506 2811 nutrice]
525 2750 550 2800 S.
563 2750 712 2814 Augustino,
732 2750 772 2800 De
786 2750 842 2800 Cir.
857 2749 916 2810 Dei,
929 2750 997 2801 xviii.
1017 2763 1045 2813 9,
1057 2751 1116 2802 cells

263 2831 362 2882 Athens
386 2830 494 2878 “mater
515 2835 558 2877 aut
580 2828 664 2877 nutrix
681 2827 822 2876 liberalium
845 2827 1043 2878 doctrinarum.''
1087 2831 1117 2879 In

266 2918 330 2972 1254
341 2907 410 2970 Pope
424 2906 547 2954 Innocent
559 2904 606 2954 1V.
620 2905 699 2969 spolie
715 2905 744 2953 oi
756 2905 799 2954 the
813 2906 954 2954 communio
969 2906 999 2955 of
1013 2913 1117 2957 masters

264 2987 314 3036 and
326 2983 434 3034 scholars
443 2991 468 3032 at
480 2983 577 3033 Oxiord
589 2998 616 3031 as
628 2983 646 3008 “
658 2982 780 3031 foecunda
791 2989 876 3032 mater.
882 2981 896 3005 ’'
924 2984 1026 3034 Denifle
1037 2985 1117 3035 shows

265 3063 320 3112 that
331 3061 375 3110 the
385 3060 481 3125 epithet
492 3061 560 3108 alma
571 3058 633 3108 with
644 3059 796 3108 unruersitas
805 3059 826 3108 is
834 3066 879 3109 not
889 3059 968 3109 found
979 3060 1066 3111 before
1077 3061 1117 3111 the

264 3137 406 3189 fourteenth
418 3144 528 3200 century,
543 3137 593 3186 and
609 3136 652 3186 the
664 3143 727 3185 term
739 3137 817 3185 Alma
834 3143 915 3186 mater
924 3153 1005 3187 seems
1016 3146 1044 3188 to
1055 3139 1117 3188 have

264 3216 330 3265 been
340 3215 393 3263 first
404 3215 506 3279 applied
517 3221 544 3263 to
554 3214 624 3263 Paris
635 3215 661 3262 in
673 3213 715 3263 the
728 3214 838 3265 Statutes
849 3215 879 3265 of
886 3214 987 3266 Vienna
997 3216 1024 3264 in
1039 3216 1116 3280 138q=

266 3290 454 3342 Universit'alten
464 3290 500 3340 im
511 3290 667 3352 Mittelalter,
680 3306 706 3354 p.
718 3301 758 3354 33.
