2324 3982
477 284 702 339 CAPITULUM
720 287 760 338 II.
1002 296 1033 350 ¹9

180 456 308 517 actualis
330 456 504 536 imaginatio
527 457 702 519 continuata
725 477 779 536 per
800 456 909 518 librum
932 466 1034 518 actum

181 552 354 615 intellectus
368 573 457 632 super
470 553 548 616 visas
561 554 701 616 veritates
718 574 781 616 non
800 554 926 615 sustinet
946 552 1035 615 inter·

181 650 288 728 rumpi
331 653 537 728 Quamobrem
553 650 621 712 libri
636 651 776 713 videntur
796 669 863 712 esse
884 649 1034 713 felicitatis

183 747 383 825 speculativae
393 746 648 809 immediatissima
656 747 1034 823 instrumenmundeAris·

182 847 299 920 toteles‚
313 847 359 906 sol
371 845 599 924 philosophicae
612 845 752 924 veritatis,
767 845 820 907 ubi
834 847 874 909 de
888 844 1034 924 eligendis
1047 855 1060 906 ⁵

182 940 333 1004 distribuit
352 943 522 1017 methodos,
543 943 633 1004 docet
654 944 738 1021 quod
761 941 965 1022 philosophari
987 953 1034 1003 est

183 1038 357 1117 simpliciter
370 1038 531 1119 eligibilius
544 1059 634 1117 quam
648 1039 746 1113 ditari,
760 1038 897 1116 quamvis
914 1038 946 1099 in
961 1058 1033 1100 casu

178 1155 220 1199 ex
240 1136 470 1212 circumstantia,
489 1147 563 1215 puta
581 1136 756 1198 necessariis
776 1135 929 1215 indigenti,
946 1136 1034 1199 ditari

182 1253 274 1310 quam
306 1230 510 1313 philosophari
542 1233 582 1296 sit
618 1233 718 1312 potius
754 1232 944 1312 eligendum:
990 1242 1031 1312 3⁰.

181 1330 376 1408 Topicorum.
1049 1353 1079 1389 ιο

132 1441 167 1501 37
222 1430 335 1490 Adhuc
348 1448 419 1489 cum
429 1427 497 1489 libri
507 1427 567 1490 sint
576 1428 665 1490 nobis
678 1427 915 1490 commodissimi
929 1428 1034 1507 magis-

181 1525 229 1600 tri,
248 1537 282 1586 ut
305 1527 488 1604 praecedens
506 1524 629 1587 assumit
646 1525 820 1604 capitulum,
835 1525 950 1587 eisdem
970 1545 1034 1586 non

180 1620 332 1684 immerito
359 1633 420 1684 tarn
447 1623 593 1684 honorem
618 1641 710 1699 quam
743 1640 877 1683 amorem
904 1621 1034 1684 tribuere

181 1718 324 1782 convenit
337 1719 545 1798 magistralem.
587 1721 728 1781 Tandem
739 1740 809 1780 cum
819 1738 926 1781 omnes
939 1719 1034 1780 horni-

181 1835 237 1876 nes
251 1826 358 1878 natura
371 1815 448 1879 scire
462 1816 634 1878 desiderent
655 1837 691 1877 ae
704 1836 758 1894 per
772 1817 864 1877 libros
879 1816 1034 1878 scientiam
1048 1849 1076 1900 ¹5

180 1923 317 1974 veterum
340 1914 576 1991 praeoptandam
603 1913 718 1975 divitiis·
742 1913 880 1975 omnibus
907 1913 1033 1992 adipisci

180 2009 340 2088 possimus,
365 2009 435 2088 quis
455 2011 548 2072 homo
576 2011 742 2071 secundum
768 2022 906 2071 naturam
929 2010 1032 2072 vivens

132 2107 167 2181 38
180 2106 327 2168 libromm
351 2125 414 2168 non
435 2107 545 2168 habeat
566 2105 754 2184 appetitum?
795 2107 941 2184 Quamvis
961 2126 1032 2169 vero

179 2221 289 2282 porcos
313 2203 483 2282 margaritas
510 2223 649 2282 spernere
670 2203 808 2279 sciamus,
824 2204 898 2265 nihil
921 2204 952 2264 in
973 2206 1033 2265 hoc

179 2299 338 2379 prudentis
357 2300 491 2362 laedetur
509 2299 622 2378 opinio,
637 2300 798 2378 quominus
819 2303 936 2362 oblatas
953 2321 1033 2362 com·
1045 2333 1077 2368 20

178 2408 265 2476 paret
275 2397 453 2476 margaritas.
482 2395 641 2459 Pretiosior
649 2408 694 2458 est
703 2397 792 2477 igitur
801 2397 916 2458 cunetis
924 2400 1033 2476 opibus

180 2493 345 2572 sapientiae
357 2493 483 2570 libraria,
499 2505 529 2556 et
542 2494 645 2556 omnia
658 2514 736 2573 quae
750 2494 954 2556 desiderantur
962 2494 1033 2556 huic

215 2683 230 2739 5
236 2674 353 2740 physicae
362 2675 421 2726 edd.
432 2678 443 2733 ΙΙ
453 2672 469 2726 8
480 2673 677 2724 circumtardirlr
686 2676 710 2725 Α
723 2675 780 2725 edd.
793 2673 803 2738 ΙΙ
816 2688 843 2725 11
861 2675 913 2726 sint
924 2691 974 2727 om.
988 2676 1032 2740 Bll

184 2752 214 2802 16
228 2753 341 2802 omnibus
351 2752 431 2801 omB
439 2749 449 2816 ΙΙ
458 2764 491 2801 20
507 2751 686 2816 lediturDJa.
701 2752 749 2816 {121
762 2753 828 2802 enim
840 2752 865 2801 B
874 2751 884 2815 ΙΙ

213 2903 397 2970 philosophari]
421 2903 478 2964 Ar..
501 2903 567 2968 Top.
581 2903 615 2954 iii.
635 2915 659 2954 2.
682 2915 734 2953 22:
758 2905 792 2953 'rb
809 2906 871 2967 γοῦν
888 2903 1034 2968 φιλοσοφεῖν

180 2979 283 3044 βέλτιον
293 2983 336 3030 τοῦ
347 2979 545 3047 χρηματίζεσθαι,
555 2978 612 3028 αλλ’
622 2980 668 3045 οὐχ
678 2980 837 3045 αἱρετώτερον
848 2983 884 3045 τῷ
895 2980 970 3033 ἐνδεεῖ
981 2986 1033 3032 τῶν

180 3057 331 3121 ἀναγκαίων.

212 3136 275 3187 scire
286 3131 439 3200 desiderent]
465 3133 513 3185 See
524 3133 563 3185 eh.
578 3134 595 3185 i.
608 3149 627 3184 s.
645 3146 683 3196 19,
695 3140 759 3186 note.

213 3210 370 3277 margaritas]
387 3212 435 3278 Cp.
448 3213 524 3263 Matt.
537 3212 581 3262 vii.
594 3212 619 3262 6.

212 3289 344 3355 pretiosior
354 3288 449 3342 condis
459 3285 559 3354 opibus]
577 3289 624 3354 Cp
639 3289 712 3340 Prov.
725 3288 777 3340 viii.
794 3299 832 3342 υ.
