2324 3982
420 263 648 316 cxrrrrrwm
663 263 740 313 xm
952 247 1002 316 in

102 447 153 518 37·
192 432 417 512 Philosophiam
450 432 592 494 nimirum
626 431 781 511 conspexit
816 434 938 496 Boetius
971 423 1003 496 in

150 529 267 592 sinistra
288 530 411 608 quidem
433 541 583 608 sceptrum
603 543 633 592 et
654 531 685 591 in
704 532 808 592 dextra
827 531 919 593 libros
940 552 1004 611 ges-

150 640 274 704 tantem,
284 649 338 706 per
348 630 431 707 quod
441 629 585 690 universis
597 629 751 690 evidenter
760 629 928 691 ostenditur
936 633 1002 691 nul·

150 729 211 787 lum
234 729 324 804 posse
348 727 564 804 rempublicam
584 726 686 788 debite
703 747 804 806 regere
826 727 890 788 sine
911 727 1001 790 libris.

150 828 208 900 Tu,
221 824 319 902 inquit
333 824 459 885 Boetius
472 826 599 902 loquens
614 823 835 902 Philosophiae,
846 826 925 886 hanc
939 845 1005 887 sen·
1019 841 1032 890 5

152 921 278 983 tentiam
292 921 424 982 Platonis
439 941 491 982 ore
505 920 626 982 sanxisti
635 924 738 983 beatas
749 923 813 983 lore
821 922 1004 1001 respublicas

153 1019 178 1080 si
197 1039 248 1080 eas
269 1020 317 1081 vel
339 1017 464 1081 studiosi
488 1018 651 1096 sapientiae
676 1032 812 1098 regerent
835 1022 883 1081 vel
902 1040 1004 1081 earum

153 1129 282 1178 rectores
297 1118 416 1178 studere
428 1115 590 1194 sapientiae
604 1116 786 1195 contigisset.
816 1120 931 1178 Rursus
945 1120 1004 1178 hoc

152 1215 241 1276 nobis
261 1213 392 1276 insinuat
415 1214 479 1292 ipse
500 1225 601 1293 gestus
620 1214 765 1293 imaginis,
787 1217 870 1293 quod
891 1203 1005 1293 quanto

110 1366 111 1371 ,
153 1315 259 1374 dextra
291 1312 437 1374 sinistram
465 1311 626 1390 praecellit,
654 1322 738 1373 tanto
773 1312 1006 1389 contemplativa
1021 1325 1051 1358 10

154 1409 272 1489 dignior
299 1421 345 1471 est
372 1409 477 1483 activa,
507 1409 655 1486 simulque
684 1408 827 1486 sapientis
862 1407 1005 1470 interesse

153 1518 335 1568 monstratur
345 1526 425 1566 nunc
434 1504 534 1566 studio
549 1503 689 1581 veritatis,
699 1524 780 1565 nunc
789 1504 1005 1582 dispensationi

154 1604 364 1682 temporalium
378 1603 531 1680 indulgere
544 1601 681 1662 vicissim.
758 1616 760 1620 “

102 1712 140 1769 88
196 1700 370 1779 Philippum
384 1699 509 1779 legimus
520 1698 577 1759 diis
588 1696 779 1776 regratiatum
788 1699 908 1774 devote,
920 1701 1006 1776 quod

154 1801 358 1862 Alexandrum
385 1806 594 1858 concesserant
618 1796 803 1874 temporibus
837 1796 1006 1858 Aristotelis
1022 1806 1050 1856 ¹5

155 1916 221 1959 esse
241 1907 355 1970 natum,
379 1893 464 1954 cuius
490 1892 733 1954 instructionibus
757 1895 901 1955 educatus
924 1895 1007 1973 regni

154 1994 270 2074 paterni
284 1990 487 2054 moderamine
501 1990 608 2068 dignus
622 2001 707 2051 esset.
752 1993 834 2056 Dum
849 1993 1007 2053 Phaethon

154 2093 274 2172 ignarus
301 2089 451 2168 regiminis
474 2090 507 2148 fit
531 2108 633 2148 currus
655 2088 756 2166 auriga
780 2089 904 2167 paterni,
928 2110 1007 2150 nunc

192 2248 202 2283 r
212 2235 315 2299 respexit
324 2234 363 2297 Ja.
376 2238 385 2292 11
393 2233 513 2297 siquidem
524 2233 553 2282 D
562 2233 602 2296 Ja.
613 2231 647 2290 118
658 2232 701 2283 lroc
712 2248 800 2282 nomen
808 2234 837 2283 D
846 2238 855 2291 ll
867 2240 1008 2282 locantem·

151 2313 253 2377 plativa
272 2314 324 2360 vita
345 2311 402 2360 edd.
420 2315 429 2368 11
447 2323 473 2359 11
498 2311 674 2374 sapr'entrisime
695 2311 724 2360 D
743 2311 784 2374 Ja.
799 2315 808 2368 11
822 2323 851 2373 13
864 2310 1009 2375 temporibus

157 2392 181 2439 A
194 2389 220 2439 Β
231 2393 240 2446 11
255 2396 283 2451 15
295 2387 442 2437 Alexandro
452 2387 479 2435 E
490 2384 501 2450 11

190 2504 318 2568 conspexit
330 2502 442 2563 Boetius]
460 2502 507 2552 See
519 2501 561 2551 the
572 2502 613 2551 De
626 2501 700 2551 Cons.
716 2501 793 2560 Phil,
806 2501 822 2550 i.
837 2516 874 2565 pr.
888 2514 912 2562 4.

190 2581 337 2632 sententiam
352 2579 475 2640 Platonis]
499 2579 629 2643 Referring
641 2586 668 2628 to
679 2579 721 2628 the
733 2578 894 2629 well-known
905 2593 1010 2642 passage

157 2661 184 2708 in
201 2660 244 2709 the
256 2659 299 2723 5th
314 2657 384 2709 book
395 2657 424 2707 of
438 2657 481 2707 the
493 2657 618 2721 Republic,
633 2673 657 2721 p.
672 2665 721 2720 473
734 2667 762 2715 D,
776 2655 842 2706 cited
852 2656 886 2718 by
898 2655 1007 2714 Boetius,

190 2813 384 2878 contemplativa
395 2811 504 2877 dignior]
521 2811 576 2860 The
591 2810 683 2860 editors
700 2811 763 2860 have
775 2809 882 2860 inserted
894 2809 955 2870 vita,
966 2808 1011 2858 but

156 2892 344 2954 contemplativa
360 2891 411 2940 and
426 2890 507 2938 ecana
518 2904 560 2939 are
571 2889 639 2948 used,
653 2904 681 2938 as
696 2887 764 2947 here,
777 2887 883 2936 without
895 2887 938 2936 the
953 2887 1011 2935 sub·

158 2969 266 3019 stantive
282 2970 316 3032 by
333 2968 360 3017 S.
380 2968 555 3016 Bonaventura
571 2967 597 3015 in
614 2981 630 3015 a
646 2965 720 3016 letter
735 2966 828 3029 quoted
845 2965 872 3014 in
889 2964 1009 3024 Gieseler,

160 3047 228 3106 Eccl.
244 3047 323 3107 Hist,
336 3046 372 3095 iii.
386 3056 442 3107 247,
456 3052 517 3094 note.

192 3124 349 3188 Philippum]
365 3123 421 3172 The
432 3131 500 3185 story
506 3122 527 3171 is
536 3121 588 3170 told
596 3122 622 3170 in
629 3121 669 3184 Jo.
682 3119 786 3179 sarisb,
797 3119 924 3179 Policrat.,
935 3119 968 3169 ir.
978 3119 993 3169 6
1004 3135 1012 3180 ς

159 3203 208 3252 and
222 3202 264 3251 the
275 3202 348 3250 letter
358 3202 379 3250 is
390 3200 463 3264 given
475 3200 502 3248 in
513 3198 624 3262 Burley's
642 3198 719 3257 Vitae,
734 3213 754 3246 c.
771 3207 809 3260 53.

192 3295 277 3329 currus
288 3278 384 3343 auriga]
402 3279 478 3328 From
485 3277 527 3327 the
536 3275 639 3342 epitaph
645 3291 679 3326 on
689 3275 819 3325 Phaethon
828 3275 855 3324 in
864 3273 939 3335 Ovid,
949 3274 1011 3326 Met.
