2324 3982
416 268 640 321 CAPITULUM
658 268 740 319 XIII.
958 278 1005 330 109

151 436 263 498 litteras
286 437 409 515 quidam
431 440 534 514 legunt
561 438 601 497 ad
628 438 822 514 voluptatem,
848 446 1004 512 poetarum

150 532 300 612 figmentis
323 545 352 595 et
377 536 536 595 verborum
560 545 667 594 ornatu
689 532 830 594 delectati
840 554 850 607 ;
881 531 1005 608 quidam

151 651 223 693 vero
236 632 275 692 ad
295 630 494 693 eruditionem
514 651 565 693 eas
579 630 747 704 addiscunt,
762 641 796 689 ut
811 648 922 690 errores
935 648 1005 707 gen·

150 728 227 790 tium
241 730 369 807 legendo
383 730 568 790 detestentur
583 739 612 788 et
626 725 717 802 utilia,
733 747 811 804 quae
825 726 856 787 in
871 726 913 789 eis
927 727 1005 788 inve

149 823 257 900 neritrt,
278 826 318 887 ad
339 844 427 885 usum
444 844 545 885 sacrae
564 823 741 886 eruditionis
761 823 862 886 devoti
878 844 1003 885 conver·
1019 839 1032 891 5

151 934 237 985 tant:
269 925 344 984 tales
369 922 557 984 laudabiliter
584 924 750 984 saeculares
776 923 887 985 litteras
908 923 1005 985 addis-

151 1033 233 1083 cunt
277 1025 365 1082 Haec
379 1023 471 1086 Beda.

104 1123 135 1198 35
194 1121 264 1178 Hac
282 1118 468 1180 institutione
489 1117 639 1179 salutifera
659 1117 766 1180 moniti
785 1118 892 1180 sileant
909 1120 1005 1180 detra·

151 1217 258 1277 hentes
272 1215 459 1277 studentibus
473 1215 504 1275 in
518 1215 615 1293 poetis
636 1217 675 1277 ad
689 1226 818 1294 tempus,
833 1236 890 1277 nec
910 1214 1006 1294 ignor-

151 1323 238 1374 antes
251 1312 425 1374 huiusmodi
436 1311 663 1373 connescientes
675 1313 852 1386 desiderent,
865 1312 1005 1389 quiahoc
1021 1324 1050 1360 10

152 1421 198 1470 est
223 1409 320 1471 simile
343 1409 451 1470 solatio
472 1408 656 1471 miserorum.
699 1411 818 1470 Statuat
841 1409 929 1488 igitur
948 1409 1005 1470 sibi

152 1507 281 1585 quisque
294 1506 362 1584 piae
376 1505 550 1568 intentionis
564 1509 704 1567 affectum
719 1516 749 1567 et
768 1509 807 1567 de
825 1527 1005 1585 quacunque

151 1606 285 1680 materia,
292 1604 454 1666 observatis
464 1603 581 1665 virtutis
591 1603 829 1679 circumstantiis,
840 1603 929 1665 faciet
943 1615 1005 1664 stu-

152 1703 237 1764 dium
250 1706 318 1763 Deo
327 1714 461 1781 gratum3
472 1713 502 1762 et
514 1701 538 1762 si
548 1700 580 1761 in
591 1712 681 1779 poeta
690 1701 857 1779 profecerit,
864 1703 1006 1779 quemad·

151 1802 278 1861 modum
304 1819 429 1878 magnus
457 1801 545 1860 Maro
572 1818 604 1860 se
628 1799 737 1860 fatetur
760 1797 792 1858 in
815 1798 923 1873 Enni0,
943 1819 1005 1859 non
1020 1808 1049 1859 Ῐ5

152 1897 262 1959 amisit.

187 2083 201 2133 3
216 2069 352 2133 gentilium
369 2069 426 2119 edd.
441 2067 480 2132 ΙΙ4
495 2068 598 2118 errando
614 2069 639 2118 B
650 2073 659 2127 ΙΙ
673 2077 687 2132 5
704 2069 835 2118 inuenanr
849 2070 875 2118 B
885 2070 912 2119 E
923 2069 1005 2118 innec-

151 2154 210 2196 tant
220 2147 278 2196 edd.
292 2144 303 2208 ΙΙ
319 2159 349 2195 10
357 2147 506 2210 quaestiones
515 2146 555 2208 Ja.
566 2146 632 2210 quod
637 2147 666 2195 D
677 2151 687 2203 11
701 2159 728 2195 11
741 2147 820 2210 rigitur
830 2162 879 2195 om.
887 2148 938 2196 AB
946 2147 1002 2196 edd.

153 2225 203 2273 siln'
217 2240 268 2273 om.
287 2225 314 2273 E
331 2228 340 2282 ll
360 2236 390 2272 12
408 2224 575 2288 qualicunque
590 2224 629 2287 Ja.
651 2229 660 2281 ll
683 2236 712 2286 13
728 2226 853 2273 virtutum
868 2225 908 2287 Ja.
917 2225 1007 2288 firtD

144 2301 230 2364 sarrire
239 2301 295 2350 edd
310 2305 320 2358 ll
334 2309 363 2364 15
380 2301 471 2350 Murro
482 2301 508 2349 B
525 2300 603 2350 Varro
614 2301 640 2349 in
651 2316 700 2365 mg.
713 2301 752 2364 Ja.
766 2302 879 2351 studium
890 2318 941 2351 non
952 2313 967 2365 3
979 2306 989 2360 ll

185 2465 274 2516 solatio
297 2467 453 2528 miserorum]
480 2467 536 2516 The
559 2466 720 2516 well-known
742 2467 883 2531 proverbial
905 2468 1003 2532 phrase,

152 2545 234 2595 which
243 2546 264 2594 is
276 2544 327 2593 first
338 2544 416 2593 found
425 2543 537 2594 versified
550 2544 576 2592 in
585 2541 727 2592 Marlowe’s
739 2544 814 2592 Faust
826 2560 853 2593 as
864 2544 1006 2595 “Solamen

152 2621 249 2670 miseris
260 2621 340 2670 socios
352 2620 467 2670 habuisse
479 2618 600 2681 doloris,”
611 2636 668 2684 may
679 2620 743 2670 have
754 2621 818 2670 been
830 2620 932 2670 derived
942 2621 1006 2671 from

152 2700 257 2756 Seneca,
272 2699 313 2747 De
325 2697 438 2758 Consol,
452 2709 491 2760 31.

185 2776 213 2824 iu
224 2775 318 2835 Ennio]
336 2774 467 2837 Referring
483 2782 510 2822 to
526 2773 568 2823 the
585 2781 652 2838 story
668 2772 721 2822 told
738 2773 764 2822 in
782 2773 905 2823 Donatus'
921 2774 964 2825 lile
980 2775 1010 2824 of

151 2852 246 2917 Vergil,
271 2867 293 2902 c.
318 2852 396 2901 xviii:
428 2852 519 2901 “Cum
542 2851 563 2900 is
586 2850 722 2915 aliquando
750 2851 860 2900 Ennium
882 2851 909 2900 in
930 2868 1006 2902 manu

150 2931 263 2990 haberet,
284 2937 460 2994 rogareturque
477 2928 597 2993 quidnam
614 2928 714 2989 iaceret,
730 2929 859 2992 respondit
875 2945 902 2979 se
918 2946 1006 2980 aurum

150 3007 268 3072 colligere
279 3007 312 3058 de
323 3015 429 3057 stercore
440 2988 543 3058 EuniiI'
