2324 3982
222 300 256 357 ³0
520 288 785 342 rnrroarerort

222 467 341 536 oportet
361 458 504 518 volumen
529 474 601 517 cum
630 455 791 518 Ezechiele
816 457 987 531 comedere,
1013 475 1079 535 quo

222 564 327 615 venter
345 552 508 615 memoriae
525 554 679 615 dulcescat
698 552 877 614 intrinsecus
890 563 921 614 et
934 552 979 613 sic
992 572 1077 614 more

222 651 386 728 pantherae
414 652 543 712 resectae
572 651 707 712 redoleat
733 648 919 711 extrinsecus
947 668 1078 728 concep

223 755 323 809 torum
339 756 508 808 aromatum
528 747 605 808 odor
625 745 732 821 suavis,
747 746 788 806 ad
806 745 892 807 cuius
910 746 1077 808 anhelitum

223 844 404 905 ooanhelent
427 843 573 905 accedere
598 862 707 904 omnes
731 841 846 904 bestiae
873 853 904 905 et
930 841 1104 920 iumenta.5

171 937 211 1014 58
223 937 275 1000 Sic
293 951 395 1001 nostra
412 949 517 1000 natura
536 938 569 999 in
590 939 700 1000 nostris
717 937 913 1000 familiaribus
930 950 1077 1018 operante
1115 959 1119 967 ⁸

222 1036 355 1111 latenter,
367 1035 517 1098 auditores
529 1046 688 1096 accurrunt
698 1034 846 1109 benevoli,
861 1034 939 1097 sicut
951 1036 1078 1098 adamas

221 1132 312 1194 trahit
325 1135 433 1194 ferrum
446 1150 640 1211 nequaquam
658 1131 759 1194 invite.
803 1131 938 1195 Ovirtus
957 1130 1077 1193 infinita

222 1228 366 1291 librorum
397 1228 495 1290 iacent
525 1227 655 1290 Parisios
682 1230 730 1290 vel
763 1227 891 1290 Athenis
913 1227 1078 1306 *simulque

183 1342 187 1348 ’
221 1335 363 1387 resonant
384 1325 417 1385 in
438 1324 591 1387 Britannia
610 1335 641 1386 et
661 1324 693 1385 in
715 1327 834 1386 Romal
875 1324 1076 1401 Quiescentes
1091 1350 1121 1386 ιο

221 1419 334 1500 quippe
354 1432 521 1496 moventur,
540 1423 614 1483 dum
634 1420 706 1499 ipsis
727 1422 795 1483 loca
816 1441 871 1482 sua
891 1419 1075 1495 tenentibus,

221 1517 392 1580 auditorum
425 1518 625 1580 intellectibus
660 1517 894 1596 circumquaque
931 1519 1074 1581 feramur.

170 1629 209 1691 59
222 1615 290 1676 Noa
322 1613 453 1691 denique
486 1615 669 1690 sacerdotes,
703 1613 869 1691 pontifices,
905 1613 1076 1676 cardinales

220 1721 253 1773 et
282 1729 400 1788 papam,
422 1721 456 1773 ut
482 1721 592 1772 cuncta
618 1709 650 1771 in
679 1709 844 1772 hierarchia
870 1709 1076 1773 ecclesiastica

221 1808 406 1868 collocentur
418 1807 449 1869 in
464 1806 577 1879 ordine,
587 1807 749 1869 litterarum
764 1805 889 1868 scientia
897 1806 1075 1869 stabilimus.
1090 1832 1118 1881 ις

220 1905 251 1965 Α
274 1903 356 1965 libris
382 1923 515 1981 namque
542 1904 632 1965 sumit
656 1903 802 1982 originem
831 1903 976 1980 quicquid
1000 1902 1075 1966 boni

219 1999 358 2077 provenit
385 2001 476 2062 statui
515 2000 652 2063 clericali
709 2001 770 2062 Sed
803 2002 879 2061 haec
909 2001 1075 2063 hactenus:

252 2207 269 2259 3
283 2195 386 2260 refertae
401 2196 476 2260 vulgo
488 2202 497 2256 11
509 2197 615 2262 asanais
631 2198 656 2247 A
670 2213 748 2247 sanus
764 2197 790 2247 B
801 2198 828 2246 E
839 2201 848 2255 11
861 2206 875 2261 ς
887 2197 1000 2247 homines
1010 2200 1035 2248 A
1048 2198 1075 2248 B

220 2276 231 2343 11
243 2281 257 2334 7
268 2280 399 2322 occurrant
412 2274 441 2323 D
452 2279 461 2332 11
473 2286 489 2337 9
500 2274 622 2325 librorum
637 2275 777 2339 quinimmo
792 2275 926 2324 multitudo
932 2275 1002 2338 jacet
1012 2274 1071 2328 edd.

212 2350 317 2414 jacetE
332 2351 494 2416 similiterque
503 2351 543 2417 Ja.
555 2351 566 2415 11
580 2364 610 2413 14
626 2353 656 2430 iar
673 2368 722 2402 om.
739 2352 764 2400 A
778 2355 788 2410 11

251 2534 308 2570 cum
320 2518 462 2581 Eaechiele]
478 2519 525 2584 Cp.
540 2519 630 2570 Erech.
644 2520 679 2570 iii.
696 2531 744 2582 1·3.

251 2595 398 2660 pantherae]
415 2596 461 2661 Cp.
480 2597 561 2660 Pliny,
580 2597 616 2646 H.
634 2597 667 2646 N.
684 2597 736 2647 viii.
753 2607 793 2659 23,
808 2595 865 2646 who
883 2610 940 2660 says
957 2595 1012 2646 that
1029 2594 1073 2646 the

217 2672 290 2723 small
301 2673 381 2724 nithe
392 2674 498 2738 panther
509 2681 611 2724 attracta
624 2673 659 2723 all
676 2673 852 2738 quadrupeds:
872 2672 1073 2739 “quadrupedes

218 2748 344 2800 cunctas.'’
376 2750 389 2800 1
401 2750 465 2800 bave
476 2744 603 2801 corrected
616 2750 658 2801 the
670 2757 722 2800 text
732 2748 900 2815 accordingly.

249 2826 339 2891 virtus]
358 2827 408 2877 For
422 2828 505 2877 vineas
516 2827 543 2876 iu
553 2827 597 2877 the
608 2842 680 2876 sense
694 2826 723 2877 oi
737 2841 753 2876 a
764 2827 830 2887 host,
843 2842 883 2891 cp.
898 2825 941 2877 the
952 2825 1069 2891 Vulgate,

215 2918 263 2967 ag.
276 2915 287 2952 1
300 2904 381 2954 Mace.
396 2904 413 2954 i.
426 2917 462 2965 43
477 2903 566 2969 Judith
578 2903 612 2952 iii.
628 2913 650 2965 7.

249 2980 368 3041 Parisios]
384 2981 441 3031 The
457 2980 596 3032 mediaeval
613 2980 688 3030 Latin
700 2995 775 3031 name
789 2979 818 3030 of
830 2979 909 3041 Paris,
925 2978 1008 3032 which
1019 2995 1072 3032 was

215 3057 311 3107 treated
322 3073 349 3106 as
359 3058 543 3118 indeclinahler
560 3073 602 3122 cp.
614 3057 739 3118 Barthius,
751 3058 858 3107 Advers.
871 3069 945 3107 2111.

248 3133 309 3184 dum
320 3134 391 3198 ipsis]
407 3134 469 3184 This
480 3141 597 3185 sentence
607 3133 680 3184 looks
691 3133 743 3185 like
753 3133 946 3198 agrammatical
953 3133 1009 3200 slip,
1019 3135 1071 3184 and

215 3209 259 3259 the
274 3210 334 3272 only
350 3210 401 3260 bad
414 3225 463 3261 one
480 3211 507 3260 in
523 3211 565 3263 the
583 3210 659 3271 book,
674 3209 757 3262 unless
774 3211 908 3262 “cernitur
917 3207 931 3234 '’
948 3211 991 3261 vii.
1013 3222 1067 3274 103,

215 3287 237 3336 is
248 3286 359 3338 another.
