2324 3982
238 299 285 352 108
527 296 792 350 PHILOBIBLON

234 468 323 529 unius
336 465 475 528 vocabuli
488 467 679 546 praegrandis
694 465 859 529 sententiae
868 466 998 546 impedit
1008 467 1094 530 intel-

235 568 356 639 lectum,
363 558 439 626 sicut
448 564 586 643 proximo
597 565 729 642 capitulo
740 575 786 626 est
794 577 992 644 assumptum.
1014 569 1094 630 Cum

235 662 324 740 igitur
351 661 433 723 dicta
460 672 631 723 sanctorum
664 671 821 740 poetarum
854 663 1006 741 figmentis
1040 665 1095 726 fre·

236 770 363 836 quenter
373 759 516 832 alludant,
529 757 648 820 evenire
658 777 782 820 necesse
791 769 836 820 est
846 770 880 820 ut
892 758 1010 821 nescito
1024 780 1095 838 poe·

235 867 317 918 mate
337 856 510 917 introducto
525 865 588 916 tota
602 853 695 932 ipsius
714 854 842 916 auctoris
862 854 991 918 intentio
1011 857 1119 935 peni-5

235 963 285 1013 tus
306 954 483 1014 obstruatur.
530 953 569 1013 Et
590 963 679 1026 certe,
702 950 778 1013 sicut
799 950 872 1013 dicit
893 953 1094 1016 Cassiodorus

235 1050 312 1111 libro
326 1071 389 1125 suo,
404 1054 451 1110 De
466 1049 651 1111 institutione
665 1048 831 1110 divinarum
845 1050 1020 1127 litterarum,
1030 1072 1094 1114 non

236 1159 306 1208 sunt
328 1167 418 1226 parva
438 1148 589 1209 censenda
606 1147 670 1207 sine
690 1147 798 1224 quibus
822 1166 931 1226 magna
953 1161 1094 1212 constare

235 1265 298 1306 non
322 1256 457 1323 possunt.
501 1247 608 1305 Restat
630 1241 719 1322 igitur
738 1256 772 1304 ut
789 1242 931 1322 ignoratis
950 1246 1094 1324 poesibus

235 1341 385 1421 ignoretur
410 1340 624 1420 Hieronymus,
646 1340 840 1419 Augustinus,
864 1341 999 1417 Boetius,
1020 1346 1135 1404 Lac-10

235 1438 356 1512 tantius,
371 1437 515 1500 Sidonius
535 1448 566 1498 et
586 1436 722 1515 plerique
735 1437 794 1513 alii,
810 1457 939 1516 quorum
958 1439 1094 1501 litaniam

234 1536 383 1615 prolixum
397 1536 560 1614 capitulum
574 1555 636 1596 non
650 1545 772 1596 teneret

166 1649 224 1721 184
275 1633 462 1695 Venerabilis
476 1652 547 1694 vero
568 1633 652 1693 Beda
663 1631 752 1693 huius
771 1631 967 1695 dubitationis
987 1634 1094 1696 articu-

234 1732 297 1791 lum
321 1730 514 1791 distinctione
535 1729 696 1790 declaravit
719 1729 861 1801 dilucida,
887 1730 966 1792 sicut
987 1731 1094 1793 recitat

235 1828 413 1904 compilator
435 1826 569 1905 egregius
598 1825 768 1901 Gratianus,
790 1826 921 1904 plurium
949 1829 1094 1906 repetitor
1107 1853 1133 1903 ¹5

235 1936 400 1998 auctorum,
422 1924 474 2002 qui
499 1924 575 1984 sicut
597 1923 653 1983 suit
675 1944 782 1985 avarus
810 1925 841 1984 in
869 1925 1093 2003 compilationis

235 2022 367 2096 materia,
389 2021 431 2082 sic
452 2024 595 2082 confusus
613 2022 758 2099 reperitur
780 2021 811 2082 in
835 2023 938 2083 forma
985 2024 1094 2085 Scribit

235 2130 336 2180 tamen
348 2118 390 2178 sic
400 2118 591 2180 distinctione
601 2137 650 2195 37,
660 2121 896 2180 Turbatammcn
905 2139 916 2174 .·
926 2124 1093 2182 saeculares

269 2351 283 2402 3
302 2355 358 2402 ergo
370 2339 395 2386 B
411 2346 479 2404 saepe
490 2338 517 2387 E
528 2343 537 2396 ll
553 2352 570 2400 4
585 2337 679 2387 eueniet
688 2338 761 2388 codd.
776 2337 873 2387 evenire
884 2338 971 2402 scripsi
983 2354 1039 2388 cum
1050 2340 1090 2405 Ja.

236 2422 245 2476 ll
261 2429 289 2480 13
301 2417 344 2464 vir
353 2417 378 2464 B
390 2420 399 2474 ΙΙ

267 2607 381 2671 proximo
391 2604 511 2670 capitulo]
529 2605 577 2654 See
588 2611 654 2665 onte,
667 2604 706 2654 ch.
721 2604 764 2654 xii.
780 2620 799 2655 s.
816 2614 870 2668 175.

267 2682 441 2744 Cassiodorus]
459 2683 515 2732 The
531 2698 634 2746 passage
651 2683 744 2746 quoted
761 2683 795 2747 by
812 2685 852 2732 De
870 2684 937 2747 Bury
947 2683 1013 2733 from
1031 2685 1091 2735 Cas·

234 2760 347 2809 siodorus
358 2761 379 2808 is
391 2761 417 2808 in
429 2760 455 2810 S.
467 2759 589 2823 Jerome's
600 2760 672 2809 letter
687 2767 714 2809 to
730 2760 809 2808 Laeta
820 2775 853 2809 on
864 2760 907 2809 the
919 2760 1054 2810 education
1065 2761 1095 2810 of

235 2837 279 2886 her
295 2837 424 2900 daughter,
438 2837 486 2900 Ep.
502 2846 533 2898 7:
548 2836 635 2884 “Non
652 2843 709 2885 sunt
726 2837 909 2886 contemnenda
920 2838 993 2900 quasi
1004 2853 1091 2902 parva,

235 2915 288 2963 sine
299 2915 389 2978 quibus
400 2929 491 2977 magna
502 2920 615 2962 constare
626 2927 677 2961 non
689 2912 818 2976 possunt.”

269 2989 413 3050 Gratianus]
430 2990 535 3039 Gratian
551 2989 671 3038 collected
684 2990 726 3039 the
737 2991 837 3040 decrees
852 2991 902 3040 and
917 2991 1094 3042 constitutions

235 3067 265 3116 of
273 3067 315 3116 the
328 3069 409 3131 Popes
420 3067 474 3116 into
485 3083 500 3115 a
511 3067 579 3130 body
590 3066 618 3115 oi
627 3082 708 3115 canon
720 3067 775 3117 law.

272 3146 298 3193 Τ
293 3144 367 3192 urba!
377 3144 491 3206 acumen]
508 3145 596 3193 Before
605 3144 686 3193 books
693 3161 758 3193 were
767 3145 848 3208 paged
859 3145 901 3194 the
910 3145 980 3194 usual
989 3146 1095 3196 method

236 3221 265 3270 of
273 3222 351 3284 citing
361 3237 412 3269 was
424 3228 450 3269 to
461 3221 518 3284 give
528 3229 579 3270 two
595 3236 624 3269 or
640 3221 710 3271 three
721 3222 812 3282 words,
826 3238 853 3272 as
864 3223 931 3284 here,
946 3230 973 3272 to
984 3224 1095 3275 indicate

237 3299 280 3348 the
291 3299 414 3348 reference
425 3313 494 3348 more
505 3298 610 3362 exaetly.
