2324 3982
467 277 627 330 CAPIYUL
632 277 694 331 UM
716 276 760 328 W.

381 831 383 834 ι
477 778 691 880 Capitulum
710 786 743 855 6.

211 929 458 1026 Querimonia
474 930 655 1006 librorum
672 945 802 1004 contra
816 928 1011 1030 religiosos

478 1056 744 1131 mendicantes.

132 1226 170 1303 83
186 1203 375 1302 pauperes
388 1220 492 1300 spiritu
502 1222 557 1284 sed
565 1220 597 1282 in
605 1221 666 1283 fide
673 1219 932 1298 ditissimi‚mundi
941 1221 1037 1301 perip

183 1339 266 1381 sema
276 1330 308 1381 et
318 1321 361 1380 sal
371 1330 474 1392 terrae,
484 1318 596 1380 saeculi
607 1328 828 1396 contemptores
839 1318 1036 1380 ethominum

182 1415 353 1494 piscatores,
369 1435 460 1494 quam
473 1415 555 1477 beati
572 1413 652 1488 estis,
667 1413 693 1475 si
712 1412 868 1492 penuriam
889 1414 1036 1493 patientes

181 1531 238 1591 pro
251 1513 373 1576 Christo
386 1510 502 1573 animas
514 1522 627 1572 vestras
644 1509 726 1571 scitis
739 1511 771 1571 in
783 1509 928 1590 patientia
943 1510 1036 1589 possi-
1047 1563 1062 1571 ..
1080 1552 1084 1559 -

181 1611 262 1672 dere
305 1613 378 1671 Non
391 1609 473 1670 enim
486 1628 540 1670 vos
561 1606 648 1669 ultrix
667 1606 832 1686 iniquitatis
851 1607 962 1685 inopia,
976 1627 1063 1686 nec5

179 1719 338 1787 parentum
359 1710 484 1771 adversa
497 1711 624 1782 fortuna,
637 1726 695 1768 noc
713 1709 774 1768 ulla
786 1707 917 1768 violenta
934 1726 1035 1770 noces·

179 1805 252 1866 sitas
271 1805 316 1866 sic
335 1804 482 1884 oppressit
503 1804 614 1878 inedia,
630 1805 691 1866 -sed
712 1804 821 1865 devota
844 1804 983 1865 voluntas
1004 1814 1034 1866 et

180 1901 288 1963 electio
299 1900 522 1974 Christiiormis,
533 1899 784 1978 quavitamillam
794 1899 1034 1978 optimam‘aesti·

179 1998 290 2072 mamis,
313 2018 405 2076 quam
424 2002 507 2059 Deus
528 1997 720 2075 omnipotens
740 1996 836 2057 factus
856 1998 950 2058 homo
970 2009 1033 2058 tam

132 2103 167 2176 84
179 2097 272 2157 verbo
290 2115 382 2174 quarn
406 2096 545 2176 exemplo
562 2095 709 2172 optimam
723 2093 914 2173 praedicavit.
954 2098 1032 2157 Sane
1048 2125 1078 2162 ιο

177 2212 232 2253 vos
247 2193 317 2254 estis
331 2211 448 2270 semper
457 2191 598 2271 parientis
612 2191 756 2253 ecclesiae
769 2211 866 2252 novus
879 2194 965 2268 setun
977 2212 1032 2271 pro

177 2289 309 2367 patribus
323 2299 354 2351 et
366 2289 520 2367 prophetis
538 2287 656 2351 noviter
667 2287 820 2349 substituti
833 2288 986 2365 divinitus,
998 2300 1032 2352 ut

208 2461 225 2499 2
235 2449 274 2498 sol
280 2448 308 2498 Ε
318 2453 328 2507 ΙΙ
339 2448 356 2498 6
366 2465 409 2498 mc
419 2448 473 2498 ulla
483 2449 592 2498 vrhlcnta
603 2464 646 2498 nec
654 2455 792 2513 parentum
803 2449 910 2498 aduersa
912 2448 1026 2513 smum

176 2541 220 2576 nec
234 2527 289 2576 ulla
301 2526 409 2576 violenta
425 2526 558 2576 menetai*
568 2527 597 2575 D
614 2527 670 2574 ulla
687 2541 738 2576 om.
756 2527 783 2574 B
800 2530 837 2586 117
853 2527 967 2590 voluptnr
983 2527 1030 2586 Bu

176 2603 192 2654 8
208 2604 373 2654 aestimastis.
394 2638 401 2654 .
420 2637 428 2655 .
441 2604 562 2668 optimam
580 2618 630 2655 om.
644 2604 694 2662 Du
713 2614 741 2652 ιι
754 2609 1031 2668 umperpostparentes

175 2681 318 2744 novisoetm
328 2681 385 2730 edd.
398 2684 409 2739 11

209 2820 334 2885 Pauperes
341 2818 441 2884 spiritu]
452 2819 530 2869 From
536 2819 612 2869 Mart.
621 2834 646 2869 v.
655 2830 686 2883 32
700 2819 719 2845 “
724 2834 846 2884 pauperes
851 2818 940 2884 spiritu
946 2817 971 2880 ;’'
979 2821 1030 2870 end

172 2898 268 2962 Jemes,
280 2898 307 2947 ii.
321 2906 336 2961 5
348 2915 355 2948 r
378 2897 494 2948 “divites
503 2897 531 2946 in
542 2895 619 2947 fide.’'

207 2975 294 3024 mundi
305 2975 456 3040 peripsema]
469 2976 545 3024 From
559 2987 571 3024 1
584 2974 643 3024 Cor.
657 2973 690 3024 iv.
707 2985 746 3036 13.

206 3053 347 3115 salterrae]
363 3053 411 3117 Cp.
427 3053 501 3101 Matt.
515 3068 539 3101 v.
555 3063 593 3115 13.

206 3130 337 3180 hominum
348 3130 493 3194 piscatores]
510 3129 587 3178 From
598 3129 674 3179 Mart.
687 3128 720 3179 iv.
737 3139 775 3190 19.

206 3207 339 3272 patientia]
356 3207 436 3267 Lulre‚
449 3207 558 3269 xxi.19:
579 3207 597 3232 “
606 3206 634 3256 in
643 3205 765 3271 patientia
774 3212 856 3256 vestra
866 3206 1028 3272 possidebitis

174 3286 270 3335 animas
281 3283 402 3335 vestras.'’
