2324 3982
189 287 236 326 100
482 277 746 329 PHILOBIBLON

186 446 325 522 languere
345 444 412 507 vice
431 445 592 524 voluptatis
615 445 795 525 accepimus,
816 445 917 506 minus
937 456 1044 508 tamen

183 541 327 603 librorum
348 542 480 604 civilium
500 543 650 622 appetitus
670 543 779 605 nostris
798 543 935 604 adhaesit
948 545 1043 606 affec·

183 639 263 702 tibus
278 639 437 718 minusque
449 639 620 702 huiusmodi
633 640 837 702 voluminibus
845 639 1043 718 adquirendis

183 736 386 798 concessimus
407 748 469 798 tam
497 757 606 817 operae
634 757 724 816 quam
751 737 914 817 impensae.
962 740 1042 800 Sunt

183 833 264 894 enim
286 835 378 910 utilia,
397 835 474 896 sicut
492 835 611 914 scorpio
633 835 665 895 in
686 835 824 911 theriaca,
845 836 1069 914 quemadmo5

184 932 258 992 dum
277 930 354 993 libro
368 933 408 993 de
428 935 524 994 Pomo
543 933 728 1007 Aristoteles,
745 935 791 994 sol
813 932 980 1007 doctrinae,
999 934 1040 994 de

114 1041 167 1097 171
184 1024 280 1104 logica
304 1025 447 1087 definivit
498 1029 706 1090 Cemebamus
730 1028 821 1089 etiam
849 1027 928 1090 inter
954 1029 1040 1107 leges

184 1135 213 1184 et
233 1123 373 1185 scientias
397 1124 562 1202 quamdam
583 1136 707 1185 naturae
727 1124 925 1186 differentiam
943 1126 1040 1186 mani-

183 1223 298 1295 festam,
313 1223 386 1282 dum
407 1220 505 1282 omnis
525 1219 649 1282 scientia
669 1219 848 1282 iocundatur
867 1233 898 1282 et
921 1222 1039 1300 appetit

184 1321 268 1397 quod
307 1339 428 1380 suorum
471 1316 686 1396 principiorum
726 1318 910 1397 praecordia,
946 1320 1040 1382 intro
1053 1346 1084 1382 ιο

183 1415 293 1495 spectis
317 1414 488 1489 visceribus,
515 1426 639 1492 pateant
666 1426 697 1476 et
755 1415 838 1477 dices
869 1435 942 1478 suae
968 1419 1038 1495 pul·

182 1514 334 1576 lulationis
354 1514 506 1574 emineant
525 1531 658 1590 suaeque
681 1435 865 1592 scdhriginis
884 1516 1040 1577 emanatio

183 1613 280 1672 luceat
296 1609 467 1686 evidenter;
486 1609 627 1672 sic'enim
646 1629 683 1672 ex
699 1621 828 1688 cognato
849 1622 879 1672 et
899 1631 1040 1674 consono

183 1707 294 1770 lumine
318 1706 448 1770 veritatis
475 1706 676 1768 conclusionis
701 1709 741 1768 ad
764 1707 909 1787 principia
936 1709 1038 1786 ipsum

217 1896 228 1933 1
245 1884 395 1946 languescere
412 1882 441 1931 D
455 1881 494 1946 Ja.
509 1886 547 1943 {ho
557 1888 629 1946 opera
639 1897 715 1946 quam
732 1883 849 1946 impensis
863 1882 902 1947 Ja.
918 1887 928 1940 ll
941 1892 956 1947 5
972 1900 1038 1934 scor·

178 1959 255 2022 pioni
270 1959 363 2007 tirroco
373 1959 397 2006 Α
410 1959 501 2022 scorpio
510 1965 535 2007 et
543 1959 635 2007 tiriaca
647 1959 674 2007 D
687 1958 726 2023 Ja.
742 1962 751 2016 ll
763 1969 776 2020 7
787 1959 882 2023 diffinit
899 1961 928 2010 D
939 1965 949 2017 ΙΙ
962 1970 976 2022 7
996 1962 1037 2010 r’n·

182 2044 220 2085 ter
226 2052 249 2085 se
256 2036 316 2099 leges
322 2036 351 2083 D
357 2035 397 2098 Ja.
408 2040 417 2092 ΙΙ
426 2033 617 2100 8drffercntiom
624 2035 712 2084 habere
720 2035 748 2083 D
754 2035 794 2100 Ja·
806 2039 815 2093 l
822 2049 839 2098 9
845 2035 974 2085 oclusom's
982 2039 1011 2087 E
1017 2044 1028 2096 ll

183 2201 284 2251 duction
296 2199 325 2249 of
333 2215 348 2248 a
362 2206 478 2249 sentence
492 2199 519 2247 in
534 2198 577 2248 the
593 2199 666 2248 letter
682 2198 711 2248 os
721 2201 764 2249 the
777 2200 901 2265 Emperor
910 2202 997 2266 Julian
1010 2211 1038 2254 to

183 2279 310 2337 Ecdiki0s‚
331 2277 378 2342 Ep.
397 2290 429 2338 9:
454 2276 505 2341 ἐμοὶ
522 2275 633 2339 βιβλίων
648 2275 757 2336 κτήσεως
772 2277 798 2326 ἐκ
812 2276 941 2343 παιδαρίου
957 2279 1039 2340 δεινὸς

183 2356 291 2417 ἐντέτηκε
309 2355 394 2414 πόθος.
427 2355 550 2405 Whether
569 2355 612 2404 the
632 2354 728 2420 Bishop
747 2371 795 2405 can
814 2357 847 2406 be
863 2359 991 2422 supposed
1009 2368 1038 2410 to

182 2436 245 2485 have
262 2433 340 2484 heard
356 2433 386 2482 of
398 2433 448 2482 this
465 2447 570 2496 passage
588 2448 617 2482 or
633 2439 686 2492 not,
704 2432 737 2482 he
753 2434 883 2484 doubtless
899 2435 975 2486 knew
991 2438 1037 2488 the

182 2513 251 2561 word
263 2511 343 2568 δεινὸς
353 2529 360 2571 ;
378 2511 420 2559 the
432 2510 502 2559 word
516 2508 626 2568 δείνωσις
636 2525 723 2559 occurs
733 2510 760 2560 in
772 2511 919 2574 Quintilian,
936 2515 1036 2564 Macro·

181 2592 238 2640 bius
249 2589 299 2638 and
311 2587 450 2636 Martianus
462 2586 573 2650 Capella

214 2665 342 2731 languere]
360 2665 408 2728 Cp.
421 2664 508 2714 1Tim.
519 2664 552 2712 vi.
565 2677 598 2724 4:
618 2663 765 2728 “languens
774 2665 1036 2731 circaquaestiones.’'

215 2744 312 2808 scorpio
332 2743 358 2790 in
377 2739 498 2805 theriaca]
525 2740 639 2801 Aristot,
660 2741 728 2806 Opp.
749 2743 817 2803 Lat,
839 2744 910 2806 1496,
929 2744 947 2794 f.
967 2755 1035 2809 373:

185 2822 284 2871 “Haec
306 2819 409 2869 scientia
426 2817 495 2866 utilis
511 2823 556 2876 est,
576 2824 603 2866 ut
620 2824 659 2868 est
675 2819 745 2868 utilis
761 2819 861 2884 scorpio
877 2821 904 2869 in
921 2823 1034 2885 tyriaca;

181 2896 314 2964 quaelicet
325 2897 357 2944 sit
368 2896 478 2944 toxicum
489 2900 573 2943 tamen
585 2894 605 2942 si
617 2896 691 2943 datur
701 2896 807 2959 patienti
818 2897 931 2947 dolorem
944 2900 1034 2950 minuit

181 2990 206 3026 et
224 2979 333 3040 praestat
352 2970 518 3022 remedium.''
551 2972 607 3021 The
626 2974 667 3021 De
686 2975 769 3033 Ponto,
791 2990 807 3023 a
822 2976 923 3026 treatise
939 2993 974 3026 on
990 2979 1035 3028 the

181 3050 342 3113 immortality
354 3049 382 3098 ol
396 3049 438 3098 the
455 3047 516 3107 soni,
531 3063 582 3096 was
600 3047 686 3112 falsely
703 3050 840 3100 attributed
856 3058 884 3102 to
902 3054 1032 3114 Aristode,

181 3129 256 3192 being
267 3127 346 3189 really
357 3125 493 3174 translated
505 3124 569 3174 srom
580 3124 624 3174 the
641 3125 753 3175 Hebrew
764 3127 798 3189 by
810 3127 936 3190 Manfred‚
950 3147 996 3181 son
1007 3133 1037 3182 oi

181 3208 224 3257 the
232 3220 347 3268 emperor
356 3202 491 3253 Frederick
503 3202 540 3252 11.
576 3202 631 3252 The
643 3203 774 3267 quotation
785 3220 871 3256 occurs
882 3206 909 3256 in
922 3207 1031 3270 Holkot,

184 3285 262 3347 Super
275 3281 347 3344 Sap„
359 3279 376 3328 f.
394 3288 462 3342 154c.
