2324 3982
163 285 196 338 82
462 283 728 338 1’111103181011

162 453 294 533 priorum
321 465 475 533 comperta
502 453 660 527 discutere,
686 463 778 533 atque
805 473 842 516 ea
866 472 923 533 per
951 456 1022 517 doc-

163 550 258 613 trinae
278 562 397 629 captare
416 551 639 630 compendium,
653 570 733 629 quae
745 550 863 629 antiqui
876 553 1024 614 anfractu-

93 657 151 731 146
165 647 227 711 osis
253 647 516 711 adinventionibus
537 650 714 712 effoderunt.
756 649 840 711 Sicut
873 648 959 710 euim
992 648 1023 710 in

166 744 298 823 corporis
326 745 474 824 probitate
492 745 722 824 praestantiores
742 745 876 824 legimus·
889 765 1024 824 praeces

167 841 249 917 sisse,
264 862 356 920 quam
376 843 521 904 moderna
537 853 673 925 tempora
695 841 834 904 exhibere
850 854 1049 918 noscantur,5

168 938 210 1000 ita
227 938 473 1001 luculentioribus
496 939 632 1001 sensibus
652 939 842 1018 praefulsisse
863 939 1024 1017 plerosque

168 1046 303 1097 veterum
328 1034 444 1114 opinari
472 1037 640 1097 nullatenus
673 1046 718 1097 est
744 1035 918 1110 absurdum,
955 1055 1024 1096 cum

169 1143 312 1210 utrosque
332 1150 424 1210 opera
443 1151 522 1210 quae
540 1143 705 1212 gesserunt,
723 1130 938 1210 inattingibiles
959 1152 1025 1211 pos

170 1229 240 1290 teris
268 1247 364 1307 aeque
392 1230 528 1307 probent
580 1228 673 1292 Unde
701 1230 818 1291 Phocas
841 1228 874 1289 in
898 1232 1025 1308 prologo

169 1325 390 1390 Grammaticae
403 1344 475 1387 suae
489 1325 610 1387 scribit:
1041 1337 1067 1372 ¹0

300 1483 393 1538 omnia
404 1500 461 1536 cum
470 1491 582 1539 veterum
593 1485 643 1537 sint
653 1485 782 1552 explorata
792 1485 892 1546 libellis,

331 1564 415 1615 Multa
424 1563 494 1630 loqui
504 1564 611 1616 breviter
620 1564 652 1616 sit
664 1565 781 1616 novitatis
792 1579 865 1630 opus.

101 1733 155 1793 ¹4⁷
172 1711 292 1788 Nempe
306 1728 330 1773 sr
321 1708 380 1770 de
390 1711 504 1771 fervore
515 1709 651 1772 discendi
661 1730 696 1771 ac
710 1695 863 1789 diligentia
873 1709 967 1772 studii
976 1712 1027 1772 srat

160 1825 278 1878 sermo,
287 1804 330 1866 rllr
338 1805 544 1884 philosophiae
558 1806 650 1867 vitam
665 1818 759 1869 totam
771 1806 885 1886 integre
899 1809 1028 1869 devove

171 1914 258 1964 runt·
250 1947 259 1977 ‚
293 1901 385 1963 nostri
409 1922 479 1964 vero
506 1903 616 1965 saeculi
642 1903 887 1983 contemporanei
913 1923 1027 1982 paucos
1042 1920 1066 1969 ¹5

172 2019 268 2060 annos
282 1999 412 2061 fervidae
426 1999 596 2076 iuventutis,
606 2001 767 2062 aestuantis
778 2000 910 2062 vicissim
923 2001 1026 2064 incen-

173 2096 231 2158 diis
251 2095 401 2170 vitiorum,
424 2096 553 2175 segniter
572 2097 733 2176 applicant,
756 2109 786 2160 et
812 2117 889 2173 cum,
915 2098 1026 2161 sedatis

172 2193 369 2272 passionibus,
394 2193 610 2257 discernendae
627 2195 785 2274 ambiguae
808 2194 941 2256 veritatis
961 2215 1027 2256 acu-

175 2309 245 2352 men
279 2289 436 2368 attigerint,
472 2311 543 2352 mox
575 2291 704 2353 externis
731 2290 874 2369 implicati
900 2291 1026 2371 negotiis

208 2505 223 2542 2
239 2493 395 2558 dz'spendium
409 2493 448 2557 Ja.
463 2497 500 2556 117
517 2498 624 2542 aetenam
641 2508 692 2543 om.
706 2492 764 2542 edd.
778 2491 888 2541 m'tr‘mur
904 2491 984 2543 Coch.
998 2509 1027 2544 ex

175 2569 259 2635 digitis
270 2569 321 2620 suis
337 2570 402 2619 suxit
411 2575 421 2627 11
432 2568 448 2620 8
453 2576 561 2634 posteros
571 2570 598 2619 E
608 2575 617 2627 11
629 2581 645 2632 9
651 2569 770 2634 praebent
779 2569 837 2620 edd.
849 2567 1027 2627 {116estuantcs

176 2648 202 2698 E
213 2648 269 2698 edd.
284 2652 293 2705 11
308 2659 338 2710 19
348 2648 458 2698 exterius
467 2648 495 2697 E
506 2652 516 2706 11

208 2837 398 2904 inattingibiles]
415 2839 537 2904 Ducange
553 2847 641 2904 quotes
653 2839 703 2890 this
713 2840 782 2890 word
798 2839 863 2891 from
880 2841 993 2892 Gerrase
1003 2839 1030 2891 ol

177 2916 297 2980 Tilbury:
323 2917 342 2943 ‘⁴
351 2916 447 2966 caelum
462 2916 601 2977 Trinitatis,
613 2917 657 2966 ubi
671 2918 725 2967 sola
740 2917 850 2968 Trinitas
864 2918 962 2968 habitat
978 2934 1028 2968 non

176 2994 289 3044 localiter
306 2993 350 3043 sed
368 2994 578 3058 incircumscripte
595 3002 621 3044 et
639 2995 798 3045 inenarrabili
820 3003 845 3045 et
864 2997 1029 3061 inmangibiu·

177 3068 283 3134 gloria.”

211 3146 317 3207 Phocas]
335 3145 391 3198 One
400 3148 430 3198 of
436 3147 480 3198 the
491 3148 611 3199 favourite
619 3149 790 3213 grammatical
801 3156 854 3201 text
862 3151 944 3202 books
951 3151 980 3202 ul
988 3151 1028 3200 the

178 3224 273 3274 middle
284 3239 361 3288 ages:
378 3239 420 3274 see
431 3225 498 3285 Keil,
514 3226 627 3276 Gramm.
640 3226 709 3287 Lat„
725 3243 746 3278 v.
761 3239 817 3290 410.

211 3300 332 3364 implicati
344 3301 461 3365 negotiis]
478 3302 526 3367 Cp.
542 3302 635 3354 2Tim.
649 3303 676 3352 ii.
690 3317 715 3364 4.
