2324 3982
347 293 574 347 castrorum
590 295 673 347 xrrr.
882 295 935 364 tos

84 459 248 536 addiscere,
270 460 437 539 quinimmo
463 463 553 525 studii
575 466 676 525 labore
696 476 814 543 gustato
828 475 859 527 et
872 485 937 526 sen-

83 577 172 618 suum
186 558 358 638 fatigatione
371 573 513 639 percepta
526 562 660 639 plerique
679 581 788 623 nucem
803 563 937 625 abiciunt

82 653 253 718 inconsulte
274 657 356 735 prius
377 678 468 735 quam
490 669 565 719 testa
587 661 684 720 soluta
701 662 826 721 nucleus
850 660 937 722 attin-

81 763 174 830 gatur.
205 757 332 815 Innatus
343 766 388 815 est
399 754 479 816 euim
494 755 609 816 homiui
624 757 735 834 duplex
749 777 841 832 amor,
856 756 937 820 vide

82 850 153 912 licet
176 850 312 930 propriae
334 851 477 913 libertatis
494 850 527 913 in
550 852 694 931 regimine
713 864 743 914 et
764 853 964 940 aliquantae5

82 949 243 1026 voluptatis
257 947 288 1008 in
302 969 412 1027 opere;
432 950 512 1010 unde
527 951 625 1010 nullus
644 950 708 1012 sine
728 971 818 1012 causa
836 951 935 1014 alieno

83 1065 115 1106 se
140 1046 240 1106 subdit
261 1046 387 1123 imperio
414 1048 462 1107 vel
486 1067 561 1124 opus
585 1049 790 1125 quodcunque
818 1061 936 1111 exercet

10 1147 68 1203 180
82 1162 153 1203 cum
170 1143 271 1205 taedio
294 1164 347 1205 sua
367 1155 485 1222 sponte.
528 1144 699 1206 Delectatio
720 1165 852 1223 namque
872 1165 937 1223 per-

80 1239 144 1300 ficit
178 1240 392 1318 operationem,
421 1239 498 1301 sicut
528 1240 700 1318 pulcritudo
730 1240 935 1303 iuventutem:

80 1337 158 1398 sicut
187 1337 362 1399 Aristoteles
389 1337 542 1400 verissime
570 1337 751 1416 dogmatizat
781 1345 830 1398 10⁰
853 1338 979 1411 Ethi-10

80 1454 192 1496 corum.
236 1434 356 1495 Idcirco
367 1434 526 1512 prudentia
536 1447 670 1496 veterum
681 1435 835 1496 adinvenit
844 1456 936 1499 reme·

80 1531 172 1604 dium,
189 1552 249 1609 quo
264 1531 418 1592 lascivium
432 1533 598 1592 humanum
613 1542 768 1610 caperetur
782 1531 934 1611 ingenium

80 1630 310 1706 quodammodo
326 1629 378 1707 pio
394 1631 475 1705 dolo,
490 1631 563 1690 dum
583 1631 639 1690 sub
656 1629 816 1707 voluptatis
834 1630 935 1692 iconio

10 1729 63 1785 181
80 1727 209 1788 delicata
221 1726 358 1787 Minerva
367 1727 553 1788 delitesceret
564 1727 595 1786 in
605 1728 733 1788 occulto.
758 1727 935 1790 Muneribus

79 1826 219 1902 parvulos
240 1826 406 1885 assolemus
427 1824 545 1884 allicere
559 1835 592 1884 ut
607 1824 658 1883 illa
674 1823 763 1902 gratis
777 1825 871 1885 velint
885 1826 935 1887 ad·
949 1859 978 1908 ¹5

79 1922 203 1997 discere,
214 1921 323 1998 quibus
335 1941 387 1982 eos
397 1924 445 1982 vel
460 1921 570 1983 invitos
581 1921 765 1983 intendimus
776 1922 932 2001 applicare.

78 2021 109 2080 N
111 2039 152 2079 on
166 2018 246 2079 enim
260 2029 366 2079 natura
380 2029 519 2096 corrupta
530 2039 568 2079 eo
581 2018 706 2096 impetu,
717 2040 779 2097 quo
793 2040 889 2100 prona
903 2041 934 2083 se

78 2115 163 2195 pellit
192 2116 232 2177 ad
262 2115 343 2190 vitia,
377 2116 564 2194 transmigrat
597 2116 636 2178 ad
669 2116 800 2179 virtutes.
862 2121 935 2179 Hoc

112 2352 128 2390 2
147 2340 255 2390 inuicem
267 2340 304 2388 M
317 2339 356 2403 Ja.
373 2342 411 2400 ll4
427 2338 557 2387 hominum
573 2343 601 2387 2¹
613 2354 740 2388 annorum
752 2341 789 2389 M
803 2341 934 2391 hominum

79 2429 112 2474 24
123 2433 249 2466 antrorum
256 2417 296 2482 Ja.
308 2421 317 2475 ΙΙ
328 2428 358 2466 10
369 2416 503 2465 verisimile
510 2416 538 2464 E
547 2419 555 2473 ll
566 2427 593 2464 11
607 2416 703 2466 Indrco
714 2417 741 2464 E
750 2422 759 2474 Η
770 2430 799 2466 12
811 2418 935 2468 lasciuum

77 2496 102 2544 A
119 2495 145 2543 B
158 2495 186 2543 E
202 2499 212 2552 ll
226 2508 371 2556 14munera
387 2493 424 2541 M
434 2493 473 2557 Ja.
493 2493 655 2542 delitescerent
670 2493 708 2557 Ja.
724 2498 733 2550 ll
748 2503 776 2557 15
789 2496 935 2558 parut'culos

77 2574 103 2622 A
110 2580 205 2636 parvos
215 2573 241 2622 B
253 2577 262 2630 ll
277 2580 305 2634 17
322 2587 348 2621 eo
358 2571 488 2634 impetitur
497 2569 554 2621 edd.
569 2574 579 2628 ll
595 2568 624 2619 18
634 2570 753 2621 hocem'm
765 2573 823 2622 edd.
837 2570 848 2636 ΙΙ

111 2769 204 2835 duplex
223 2767 303 2830 amor]
325 2768 419 2833 James‚
438 2768 497 2818 who
515 2783 596 2818 seems
614 2773 641 2817 to
659 2767 724 2816 have
742 2767 820 2818 relied
840 2769 935 2834 mainly

77 2863 147 2913 upon
164 2847 206 2896 the
223 2847 280 2896 MS.
296 2847 332 2906 M,
346 2845 392 2895 has
408 2845 467 2895 here
483 2845 548 2894 been
564 2845 690 2908 strangely
700 2844 790 2896 misled
806 2845 840 2910 by
850 2846 869 2896 it
880 2847 935 2897 into

77 2925 118 2976 his
133 2923 321 2987 extraordinary
336 2922 446 2986 reading,
461 2938 488 2971 as
502 2921 598 2986 though
613 2922 656 2971 the
670 2922 727 2971 love
742 2921 771 2971 of
782 2922 873 2986 liberty
883 2923 933 2974 and

78 3004 192 3068 pleasure
204 3017 269 3050 were
281 3000 395 3050 confined
413 3006 439 3048 to
451 2999 550 3049 menos
562 2998 730 3062 twenty-four.
770 2998 827 3048 The
838 3000 936 3064 copyist

78 3081 108 3131 of
126 3082 155 3130 M
178 3095 284 3144 appears
306 3084 333 3127 to
356 3077 419 3126 have
448 3076 507 3125 read
530 3081 565 3135 2¹,
590 3077 762 3140 representing
782 3076 882 3140 duplex,
906 3093 934 3127 as

78 3158 197 3220 standing
207 3157 245 3205 sor
258 3169 298 3217 ²4·
335 3155 383 3204 See
394 3153 504 3216 Lt'brary
517 3153 656 3213 Chronicle,
669 3152 718 3203 vol.
733 3153 760 3203 ii.
773 3169 799 3218 p.
814 3152 889 3217 132i.

110 3233 250 3293 lascivium]
268 3233 315 3282 See
327 3231 370 3281 the
380 3237 439 3280 note
451 3246 484 3280 on
495 3230 534 3282 eh.
549 3247 572 3280 v.
587 3247 607 3280 s.
622 3240 661 3293 79.

110 3311 229 3372 delicata]
246 3310 292 3375 Cp.
308 3309 341 3359 Is.
357 3308 426 3358 xlvii.
439 3307 462 3358 8.
