2324 3982
533 275 800 328 PHILoBIBLON

512 757 729 857 Capitulum
752 783 808 832 11.

250 926 378 1022 Quare
396 924 511 1001 libros
529 925 739 1001 liberalium
757 925 964 1001 litterarum
982 951 1091 1024 prae·

473 1050 626 1126 tulimus
643 1051 747 1126 libris
765 1051 865 1126 iuris.

169 1255 226 1314 168
244 1236 339 1312 luris
348 1246 469 1326 positivi
479 1247 624 1309 lucrativa
633 1247 740 1326 peritia
750 1246 960 1326 dispensandis
969 1248 1097 1310 terrenis

240 1347 445 1420 accommoda,
468 1356 583 1422 quanto
604 1345 693 1406 huius
712 1346 825 1407 saeculi
845 1345 913 1406 filiis
934 1347 1098 1407 famulatur

240 1442 350 1519 utilius,
360 1453 444 1504 tanto
455 1441 555 1503 minus
566 1443 605 1503 ad
619 1444 807 1521 capescenda
818 1463 919 1504 sacrae
933 1442 1099 1521 scripturae

240 1541 379 1620 mysteria
392 1552 423 1602 et
444 1560 552 1602 arcana
565 1540 637 1601 fidei
651 1552 836 1601 sacramenta
850 1540 918 1602 filiis
932 1540 1010 1602 lucis
1024 1560 1099 1602 con·

241 1640 305 1713 fert,
318 1649 423 1717 utpote
438 1657 517 1715 quae
531 1637 664 1715 disponit
678 1637 867 1715 peculiariter
879 1640 920 1699 ad
933 1637 1099 1698 amicitiam
1112 1659 1126 1710 ς

241 1735 329 1796 huius
341 1735 456 1810 mundi,
466 1754 618 1813 perquam
625 1737 728 1810 homo,
736 1737 849 1797 Iacobo
860 1746 1030 1811 attestante,
1038 1735 1100 1797 Dei

241 1833 432 1895 constituitur
460 1832 610 1894 inimicus.
667 1837 755 1894 Haec
783 1833 924 1894 nimirum
948 1832 1017 1894 lites
1043 1834 1101 1894 hu-

242 1951 354 2007 manas,
376 1951 450 2009 quas
470 1931 587 1992 infinita
607 1931 748 2010 producit
768 1930 926 2010 cupiditas
951 1929 1100 1992 intricatis

266 2125 288 2166 ‚1
299 2113 334 2162 In
344 2111 418 2160 libris
428 2111 494 2161 iuni
504 2112 578 2162 codd.
589 2113 650 2163 dett.
660 2114 768 2177 posr'trha
778 2115 849 2163 lucra
859 2115 883 2164 A
897 2117 907 2172 ΙΙ
919 2125 935 2162 2
945 2114 1100 2164 accomodata

244 2192 273 2241 D
285 2195 294 2249 ΙΙ
307 2200 321 2253 7
334 2191 406 2240 Hinc
414 2191 454 2256 Ja.
469 2190 506 2249 118
522 2192 639 2257 tepiditas
653 2193 693 2257 Ja.
709 2197 718 2251 Η

275 2357 395 2407 lucrativa
414 2356 515 2421 peritia]
532 2355 580 2421 Cp.
603 2356 696 2426 Wiclif,
717 2357 758 2406 De
776 2356 879 2422 Septem
894 2356 985 2417 Donis,
1004 2373 1027 2408 c.
1044 2357 1077 2407 vi.
1093 2377 1100 2408 ε

247 2436 266 2461 “
275 2435 395 2485 Monachi
410 2435 529 2484 dicuntur
546 2433 641 2484 artibus
658 2435 782 2496 humanis,
795 2435 843 2484 iuri
860 2436 926 2484 civili
938 2442 1014 2500 atque
1025 2452 1101 2486 cauo·

244 2513 301 2561 nico
322 2518 438 2577 patenter
453 2511 494 2560 vel
512 2511 609 2576 private
628 2511 764 2561 intendere.
801 2512 880 2562 Cuius
896 2528 971 2562 causa
989 2512 1098 2574 videtur,

245 2589 304 2654 quia
315 2590 371 2654 ipsa
385 2597 422 2639 est
439 2588 547 2638 sciencia
564 2585 712 2638 lucrativa.”
745 2588 817 2637 With
834 2589 875 2638 De
892 2587 979 2653 Bury's
995 2590 1101 2654 opinion

245 2667 274 2717 of
287 2667 336 2717 law
352 2682 391 2716 we
408 2682 467 2730 may
478 2681 518 2730 cp,
533 2663 672 2715 Petrarch’s
691 2666 709 2693 “
719 2681 808 2715 reason
825 2666 863 2716 for
880 2666 1043 2730 abandoning
1057 2667 1100 2717 the

244 2744 339 2809 study''
350 2745 377 2794 iu
385 2745 424 2794 his
431 2744 506 2794 letter
515 2751 543 2793 to
551 2744 693 2808 Posterity:
708 2745 726 2769 “
733 2743 792 2809 quia
798 2759 882 2794 earum
891 2745 934 2804 (sc.
941 2743 1036 2808 legum)
1041 2759 1100 2794 usus

244 2822 356 2888 nequitia
366 2822 497 2871 hominum
507 2820 675 2885 depravatum
694 2820 778 2886 itaque
793 2821 874 2885 piguit
889 2821 1038 2885 perdiscere,
1048 2836 1100 2886 quo

244 2901 375 2950 inhoneste
392 2898 428 2948 uti
445 2898 540 2948 nollem
559 2904 584 2947 et
603 2898 708 2947 honeste
727 2898 769 2946 vix
791 2914 898 2962 possem,
918 2898 981 2948 etsi
998 2899 1097 2959 vellem,

245 2977 339 3042 puritas
350 2976 462 3026 inscitiae
474 2975 607 3025 tribuenda
618 2973 704 3025 esset’'
717 2975 788 3040 (Ep,
802 2976 842 3025 ed.
861 2976 1019 3037 Fracassetti,
1033 2976 1050 3026 i.
1063 2977 1096 3040 5).

278 3055 351 3103 huius
362 3054 454 3103 saeculi
465 3053 533 3113 filiis]
551 3053 627 3102 From
639 3053 719 3112 Luke‚
732 3053 774 3102 xii.
788 3052 819 3103 8:
840 3055 858 3079 “
866 3053 911 3101 filii
923 3054 997 3104 huius
1007 3055 1100 3105 saeculi

245 3131 417 3196 prudentiores
428 3130 486 3179 filiis
498 3129 560 3180 lucis
571 3130 598 3178 iu
608 3130 770 3193 generatione
782 3145 827 3178 sua
838 3127 920 3178 sunt.'’

278 3209 373 3258 Iacobo
382 3207 527 3268 attestante]
543 3209 636 3271 james,
648 3208 680 3256 iv.
692 3222 722 3268 4:
744 3207 915 3272 “quicumque
925 3223 985 3271 ergo
993 3207 1100 3258 voluerit

246 3287 340 3338 amicus
351 3301 405 3337 esse
416 3285 508 3336 saeculi
519 3285 593 3335 huius
604 3284 721 3335 inimicus
733 3285 783 3334 Dei
795 3282 981 3335 constituitur.’'
