2324 3982
168 325 169 328 a
237 287 270 355 ra
534 284 797 339 patrocinor!
857 251 863 258 ’

188 469 225 528 33
239 458 376 537 Amplius
396 477 466 519 cum
488 455 611 520 divitiae
629 458 669 519 ad
690 456 784 519 solius
805 455 938 534 corporis
958 453 1093 519 subsidia

238 555 336 636 primo
358 567 389 637 et
411 554 614 633 principaliter
634 553 781 632 pertinere
802 563 976 630 noscantur,
999 552 1093 615 virtus

238 673 311 716 vero
329 653 473 716 libromm
497 653 536 715 sit
557 652 702 731 perfectio
724 651 858 727 rationis,
878 670 957 730 quae
975 652 1094 713 bonum

239 752 405 813 humanum
429 749 546 828 proprie
567 749 746 824 nominatur,
770 759 894 828 apparet
921 749 1006 827 quod
1025 747 1093 809 libri

240 859 309 909 sunt
322 847 438 910 bomini
450 847 564 909 ratione
584 845 679 908 utenti
700 845 810 910 divitiis
827 845 962 907 cariores
1006 848 1118 910 Praes

238 955 321 1005 terea
335 944 409 1004 illud
423 963 485 1022 quo
498 944 573 1004 tides
583 943 794 1004 defenderetur
806 941 1006 1018 commodius,
1015 941 1092 1004 dila·

241 1052 351 1102 taretur
371 1039 516 1113 diffusius,
530 1040 751 1117 praedicaretur
764 1039 902 1115 lucidius,
917 1038 1093 1118 diligibilius

189 1150 228 1208 34
241 1139 332 1201 debet
350 1157 416 1200 esse
433 1136 523 1199 fideli.
567 1140 640 1199 Hoc
652 1149 753 1200 autem
767 1149 812 1200 est
825 1137 934 1199 veritas
948 1137 1034 1199 libris
1047 1137 1093 1198 in·

241 1234 359 1312 scripta,
376 1235 461 1312 quod
475 1233 642 1296 evidentius
658 1233 794 1312 figuravit
811 1235 954 1309 Salvator,
970 1235 1093 1313 quando

241 1343 346 1395 contra
358 1342 535 1393 tentatorem
548 1331 741 1408 praeliaturus
751 1330 872 1393 viriliter
889 1341 977 1392 scuto
994 1351 1028 1392 se
1041 1331 1094 1392 cir·
1106 1357 1134 1394 ro

239 1429 397 1490 cumdedit
407 1427 545 1502 veritatis,
565 1447 627 1489 non
641 1428 799 1489 cuiuslibet
813 1429 907 1490 immo
920 1427 1092 1506 scripturae,

242 1526 384 1604 scriptum
399 1545 464 1586 esse
478 1525 671 1604 praemittens
685 1527 769 1604 quod
781 1525 867 1589 vivae
874 1525 958 1593 vocis
970 1529 1093 1588 oraculo

242 1634 304 1685 erat
317 1625 501 1701 prolaturus:
525 1624 633 1684 Mattb.
648 1632 688 1697 4⁰.

191 1721 227 1783 35
261 1767 263 1770 a
283 1721 398 1781 Rursus
412 1730 515 1781 autem
538 1718 711 1781 felicitatem
731 1738 823 1782 nemo
842 1719 962 1782 dubitat
980 1720 1094 1783 divitiis

241 1818 494 1895 praeponendam.
537 1816 683 1880 Consistit
696 1830 797 1879 autem
811 1817 936 1880 felicitas
948 1817 981 1878 in
992 1837 1094 1898 opera·
1107 1839 1132 1890 ις

241 1911 324 1975 tione
331 1910 534 1972 nobilissimae
542 1922 573 1972 et
580 1909 734 1973 divinioris
742 1912 895 1989 potentiae
902 1932 993 1990 quam
1002 1915 1093 1977 habe·

242 2028 318 2081 mus,
326 2009 398 2068 dum
406 2007 546 2070 videlicet
553 2008 721 2069 intellectus
730 2019 816 2070 vacat
824 2009 953 2071 totaliter
963 2010 1094 2072 veritatis

244 2105 407 2183 sapientiae
421 2106 680 2184 contemplandae,
690 2125 767 2184 quae
777 2117 823 2168 est
833 2107 1095 2170 delectabilissima

243 2202 379 2264 omnium
406 2202 613 2279 operationum
641 2204 807 2264 secundum
839 2202 986 2280 virtutem,
1017 2205 1094 2267 sicut

244 2299 381 2378 princeps
415 2298 663 2377 philosophorum
694 2288 873 2361 determinat
910 2303 972 2387 1o⁰.
1010 2303 1133 2364 Ethi-20

243 2416 356 2472 corum,
370 2397 590 2474 propterquod
604 2406 635 2457 et
648 2395 840 2476 philosophia
852 2397 970 2461 videtur
982 2399 1094 2465 habere

244 2492 433 2556 admirabiles
455 2493 671 2556 delectationes
695 2494 823 2572 puritate
843 2506 875 2556 et
893 2495 1041 2568 firmitate,
1062 2508 1095 2557 ut

193 2593 231 2667 36
244 2591 380 2652 scribitur
393 2601 621 2668 consequenter.
662 2584 886 2670 Contemplatio
902 2604 1003 2654 autem
1018 2594 1093 2655 veri·

243 2689 313 2751 tatis
327 2708 482 2766 nunquam
503 2698 548 2749 est
561 2688 720 2765 perfectior
734 2708 824 2766 quam
838 2709 892 2768 per
904 2690 1005 2766 libros,
1021 2693 1095 2753 dum

278 2844 434 2894 zveritarA
452 2843 509 2893 edd.
524 2841 535 2906 11
550 2855 577 2892 11
595 2843 684 2907 scripte
699 2845 723 2892 A
737 2843 841 2908 BEty
857 2851 893 2894 est
907 2844 952 2910 ΒΙΙ
965 2857 994 2908 13
1006 2848 1095 2912 proba·

244 2929 319 2971 turus
326 2923 352 2971 B
361 2920 371 2984 ΙΙ
386 2920 416 2971 16
423 2920 550 2972 nobr'lioris
563 2922 590 2969 D
600 2922 609 2984 ΙΙ
620 2931 649 2983 17
660 2921 763 3001 aerr'tatr'
768 2922 826 2973 edd.
836 2926 847 2981 l
858 2935 888 2986 19
898 2924 1026 2974 veritatem
1035 2925 1075 2990 Ja.
1085 2928 1095 2989 ΙΙ

277 3059 413 3110 secundum
426 3055 554 3122 virtutem]
564 3059 650 3125 James
661 3059 743 3109 writes
757 3061 775 3088 ‘⁸
784 3059 941 3122 ueritatem,”
952 3062 998 3117 but
1010 3063 1030 3114 it
1041 3064 1100 3114 isof

244 3152 330 3190 course
340 3137 383 3186 the
394 3135 446 3186 κατ’
458 3135 547 3199 ἀρετὴν
557 3136 587 3185 of
594 3136 723 3186 Aristotle.

276 3213 384 3278 puritate
398 3221 423 3262 et
440 3212 567 3275 firmitate]
583 3214 629 3262 Ar.
649 3213 708 3263 Eth.
726 3230 750 3264 x.
765 3222 789 3277 7,
803 3225 837 3278 3:
854 3214 921 3268 dotti
931 3216 1019 3280 γοῦνὴ
1031 3218 1097 3282 φιλο-

245 3293 318 3358 σοφία
329 3292 475 3362 θαυμαστὰς
485 3288 580 3351 ἡδονὰς
591 3291 656 3355 ‘'X‘W
666 3292 822 3358 ‘ai'flf’ffifffl
832 3296 873 3344 Νι
882 3296 919 3360 Τῷ
928 3295 1032 3362 βῑβθῖῳ·
