2324 3982
432 263 660 319 carnutum
675 264 725 315 w.
968 274 1004 330 o

149 435 284 498 studium
296 445 328 496 et
340 432 543 514 proximorum
559 436 688 498 salutem
706 435 907 514 principaliter
923 436 1005 499 insti·

148 545 247 595 tutum
272 530 510 598 constitutiones
539 532 741 610 pronunciant
768 535 943 611 eorundem,
971 546 1004 597 ut

149 650 211 693 non
226 631 324 692 solum
337 649 374 692 ex
387 631 489 708 regule
507 629 663 692 reverendi
676 629 820 709 praesulis
833 630 1003 710 Augustini,

149 747 229 806 quae
248 727 369 789 wdioes
389 725 514 807 singulis
533 725 642 789 diebus
660 727 745 789 iubet
763 747 830 790 esse
846 730 1003 806 petendos,

149 844 254 885 verum
278 843 349 885 mox
373 843 444 885 cum
472 825 636 886 eanmdem
661 823 910 886 constitutionum
938 845 1032 904 pro-5

149 923 254 1000 logum
282 920 408 999 legerint
428 941 467 983 ex
486 921 581 1000 ipsius
600 920 669 983 libri
685 920 786 1000 capite
808 922 848 983 nd
869 942 1004 985 amorem

149 1017 293 1079 libromm
307 1037 340 1080 se
353 1017 490 1080 noverint
499 1017 659 1097 obligatos

100 1107 134 1182 87
192 1115 255 1177 Sed
277 1115 354 1192 proh
381 1115 487 1176 dolor!
511 1125 573 1176 tam
595 1115 652 1176 hos
672 1134 764 1192 quam
783 1115 859 1178 alios
878 1115 1003 1178 istorum

153 1223 302 1274 sectantes
325 1210 452 1290 effigiem
480 1231 499 1272 a
521 1221 647 1289 peteme
672 1214 789 1274 cultura
810 1211 953 1274 librorum
974 1223 1004 1275 et

151 1309 252 1375 studio
266 1307 412 1370 subtrahit
427 1310 532 1386 triplex
544 1328 616 1370 cura
627 1311 786 1387 superflua,
800 1309 911 1371 ventris
923 1309 1005 1372 vide·
1018 1339 1049 1376 ro

150 1404 229 1481 licet,
244 1404 372 1467 vestium
394 1416 426 1467 et
448 1406 619 1468 domorum.
660 1408 736 1468 Sunt
757 1405 847 1481 enim,
868 1408 1004 1484 neglecte

146 1501 311 1565 Salvatoris
330 1500 524 1580 providentia,
543 1521 634 1581 quem
655 1501 810 1581 psalmista
833 1502 912 1563 circa
932 1522 1004 1580 pru-

150 1619 253 1678 perem
266 1608 298 1662 et
311 1598 483 1660 mendicum
497 1598 643 1677 promittit
662 1619 728 1661 esse
741 1598 911 1674 sollicitum,
926 1599 1005 1663 circa

150 1695 278 1758 labentis
287 1694 420 1774 corporis
433 1694 611 1774 indigentias
622 1695 769 1774 occupati,
782 1707 815 1756 ut
827 1695 887 1758 sint
894 1697 1004 1774 epulae

183 1888 200 1941 3
211 1877 298 1943 regua
307 1875 416 1942 prrsum
431 1875 566 1931 nonem·
579 1876 755 1954 romanie
766 1881 776 1936 ιι

150 2042 262 2092 founded
271 2043 307 2107 by
315 2041 342 2092 S.
352 2041 479 2101 Dominio,
490 2039 548 2092 who
557 2041 676 2092 obtained
682 2041 726 2092 the
735 2041 812 2106 Papal
819 2041 932 2092 sanction
939 2040 1004 2091 from

152 2120 283 2170 Honorius
295 2119 346 2168 111.
360 2118 387 2168 in
400 2117 470 2179 1216,
485 2133 517 2168 on
529 2118 660 2168 condition
669 2118 699 2168 of
706 2119 829 2185 adopting
839 2119 881 2170 the
894 2119 960 2170 Rule
978 2117 1007 2168 ol

153 2199 178 2249 S.
193 2197 339 2261 Augustino.
376 2196 420 2245 He
434 2195 575 2262 prescribod
593 2196 665 2246 other
681 2195 828 2247 ordinauces
844 2197 871 2246 in
887 2197 925 2247 his
937 2198 1003 2248 Con·
1085 2224 1088 2229 ,

151 2275 300 2335 stitutiones‚
312 2274 395 2324 where
403 2273 430 2322 in
436 2272 479 2323 the
488 2272 619 2337 Prologue,
628 2287 651 2323 c.
663 2282 686 2338 5,
697 2289 736 2323 we
746 2273 798 2322 find
805 2274 848 2324 the
855 2274 937 2323 words
945 2273 1005 2324 here

152 2351 260 2402 referred
267 2359 304 2400 to:
319 2351 416 2401 “Ordo
423 2349 653 2415 nosterspecialiter
659 2350 693 2400 ob
700 2351 911 2415 praedicationem
919 2358 944 2400 et
951 2349 1004 2399 ani·

152 2445 250 2478 marum
261 2427 365 2477 salutem
376 2428 409 2476 ab
420 2427 492 2477 initio
503 2426 613 2476 noscitur
624 2427 751 2476 institutus
762 2427 844 2488 fuisse,
858 2436 883 2478 et
895 2428 1004 2478 studium

152 2512 265 2555 nostrum
276 2505 308 2553 ad
324 2504 373 2553 hoc
383 2503 458 2554 debet
471 2502 640 2568 principaliter
651 2502 780 2554 intendere
790 2512 817 2553 ut
833 2505 1004 2569 pmximorum

152 2583 283 2632 animabus
298 2580 428 2646 possimus
437 2581 511 2632 utiles
526 2578 607 2632 esse.’'
641 2581 800 2642 Holstenius,
817 2581 904 2632 Codex
920 2581 1004 2646 Regu·

151 2661 242 2720 larum,
254 2659 286 2710 iv.
304 2672 341 2710 10.

186 2737 295 2797 codices]
312 2736 359 2800 Cp.
374 2751 394 2786 s.
408 2733 449 2795 80,
463 2741 523 2784 note.

186 2830 245 2864 eura
255 2812 388 2878 superflua]
404 2813 452 2878 Cp.
467 2811 545 2863 Eccli.
559 2811 586 2862 ii.
598 2811 637 2862 26.
668 2811 686 2838 ‘¹
698 2810 790 2860 Divers
801 2810 864 2861 Acts
874 2810 904 2861 of
912 2811 1005 2862 Parlie·

153 2900 223 2942 ment
234 2891 298 2941 have
308 2892 373 2941 been
385 2889 459 2941 mede
473 2888 571 2954 against
588 2888 631 2940 the
647 2903 732 2939 excess
749 2887 778 2937 ol
790 2887 913 2953 Apparell
924 2889 951 2938 in
962 2889 1005 2940 the

153 2968 224 3033 reign
235 2968 264 3018 ol
282 2968 313 3017 E.
328 2980 350 3031 3,
356 2965 370 2988 ”
381 2982 437 3031 says
454 2967 523 3016 Lord
543 2965 634 3017 Coke:
651 2966 701 3015 and
717 2965 749 3015 he
763 2980 825 3029 goes
835 2981 877 3025 on,
894 2965 1006 3017 “Three
1098 2981 1110 2998 ⁸

155 3047 234 3110 costly
242 3045 326 3110 things
341 3045 410 3094 there
425 3058 467 3094 are
480 3043 535 3094 that
550 3043 584 3093 do
595 3042 670 3092 much
681 3041 833 3106 imponerish
844 3042 887 3094 the
897 3042 1006 3108 subjeets

155 3124 185 3174 of
205 3123 329 3187 England‚
354 3121 402 3172 viz.
425 3121 512 3185 Costly
529 3119 648 3186 appurell,
671 3120 750 3183 costly
770 3120 829 3180 diet,
853 3121 905 3170 und
926 3120 1007 3186 costly

155 3202 271 3266 building
282 3199 309 3252 :”
327 3201 415 3264 3Inst.
431 3212 486 3263 199.

188 3294 325 3344 pauperem
336 3286 360 3328 et
372 3276 525 3339 mendicum]
542 3277 617 3327 From
631 3276 671 3326 rs
694 3275 775 3327 xxxix.
792 3273 831 3328 18.
