2324 3982
479 285 707 338 CAPITULUM
724 285 774 336 IV.
1019 297 1052 348 ²9

200 455 361 535 porrigitur
373 474 435 516 non
449 454 570 533 ignotus
584 466 615 517 et
628 456 668 516 ad
687 453 837 516 modicam
859 452 1052 516 balbutientis

198 572 271 631 prae
291 552 399 614 timore
420 554 566 613 lecturam
586 550 694 613 iudicis
714 562 853 630 potestas
872 549 1051 625 dissolvitur,

199 660 356 710 accusator
375 648 567 723 subtrahitur,
586 668 667 710 mors
691 651 819 726 fugatur.
860 649 889 709 Ο
911 645 1051 708 carminis

199 745 334 823 empirici
355 745 431 806 mira
453 745 564 806 virtus!
605 748 634 808 0
660 744 742 806 dirae
766 744 860 806 cladis
881 742 1051 805 antidotum

199 845 347 904 salutare!
382 845 410 905 Ο
425 842 515 904 lectio
524 842 655 921 pretiosa
667 841 808 919 psalterii,
824 841 907 920 quod
922 852 1051 902 meretur
1065 855 1078 904 ς

144 937 185 1013 56
199 939 277 1000 hoc
269 959 337 1017 ipso
346 939 511 1000 liberrime
521 938 664 1016 deinceps
674 938 837 1017 appellarit
878 936 1050 999 Sustineant

199 1036 279 1098 laici
304 1038 456 1098 saeculare
486 1035 639 1111 iudicium,
671 1046 706 1096 ut
735 1037 784 1097 vel
817 1034 910 1096 insuti
945 1033 1048 1094 culleis

198 1143 321 1194 enatent
334 1133 375 1194 ad
388 1134 575 1210 Neptunum,
590 1133 639 1193 vel
653 1130 685 1192 in
699 1141 776 1192 terra
788 1130 913 1209 plantati
928 1129 1051 1191 Plutoni

197 1229 383 1303 fructificent,
397 1239 450 1290 aut
464 1230 602 1290 Vulcano
616 1248 670 1307 per
683 1228 823 1291 incendia
841 1230 1049 1290 holocaustum

199 1343 232 1386 se
244 1327 370 1386 offerant
384 1326 587 1399 medullatum,
602 1326 650 1387 vel
670 1336 751 1386 certe
772 1323 909 1402 suspensi
928 1322 1049 1385 victima
1064 1338 1094 1374 ¹0

198 1421 259 1482 sint
280 1421 390 1482 Iunoni
400 1443 409 1497 3
436 1423 511 1483 dum
532 1433 635 1484 noster
655 1423 794 1483 alumnus
820 1422 860 1481 ad
887 1420 1049 1481 lectionem

198 1518 318 1579 unicam
331 1518 399 1579 libri
409 1517 487 1580 vitae
498 1517 647 1596 pontificis
658 1519 887 1578 commendatur
895 1516 1049 1578 custodiae

197 1625 229 1676 et
254 1614 334 1692 rigor
357 1613 389 1674 in
416 1616 546 1676 savorem
575 1614 767 1688 convertitur,
787 1633 824 1674 ac
852 1615 925 1674 dum
945 1615 1048 1673 ¹iorum

196 1713 370 1772 transfertur
383 1731 402 1772 a
415 1711 503 1786 laico,
518 1729 537 1771 a
549 1709 694 1772 librorum
707 1712 832 1772 alumno
841 1709 955 1771 ,clerico
969 1728 1049 1770 mors

197 1807 341 1869 differtur.
597 1861 598 1865 ,
1062 1822 1091 1872 15

142 1919 181 1980 57
238 1907 399 1967 Caeterum
412 1904 472 1966 iam
487 1905 526 1966 de
539 1903 664 1978 clericis,
679 1904 731 1983 qui
751 1915 819 1966 sunt
838 1925 909 1965 vasa
921 1903 1047 1978 virtutis,

196 2004 362 2079 loquamur.
405 2002 481 2079 Quis
495 2003 534 2062 de
546 2002 633 2062 vobis
651 2002 800 2080 pulpitum
814 2021 867 2063 seu
882 2002 1048 2062 scabellum

196 2099 419 2176 praedicaturus
443 2097 580 2159 ascendit
602 2098 689 2159 nobis
710 2099 829 2175 penitus
849 2097 1047 2160 inconsultis?

196 2195 273 2272 Quis
294 2196 412 2256 scholas
432 2197 562 2256 lecturus
581 2197 629 2256 vel
651 2194 855 2273 disputaturus
876 2193 1047 2273 ingreditur,

197 2292 250 2370 qui
290 2291 398 2353 nostris
435 2291 596 2352 conatibus
627 2311 689 2352 non
724 2291 865 2352 fulcitur?
915 2291 1047 2352 Primum
1061 2317 1093 2352 ιο

229 2461 246 2509 4
257 2448 368 2511 inperiti
376 2447 404 2496 E
415 2451 424 2505 ΙΙ
437 2455 450 2510 5
462 2463 526 2512 quae
535 2447 610 2512 vulgo
618 2451 627 2504 l
637 2457 652 2509 7
663 2447 740 2496 imcti
748 2447 774 2497 B
784 2448 814 2496 in
822 2447 887 2506 fictis
897 2449 926 2497 D
938 2452 947 2506 ll
959 2447 1047 2509 9kolo·

196 2525 450 2574 causta-medullata
461 2524 518 2575 edd.
528 2528 538 2583 ll
552 2523 582 2574 18
591 2522 703 2573 ascmdet
711 2524 751 2590 Ja.
765 2528 816 2582 1120
825 2524 959 2574 cantatibus
972 2525 1029 2574 edd
1038 2528 1048 2582 ΙΙ

196 2677 290 2727 benefit
307 2677 337 2726 oi
350 2677 442 2741 elergy,
455 2691 507 2726 was
522 2675 674 2726 established
690 2676 725 2739 by
737 2675 780 2726 the
791 2676 895 2740 reading
907 2675 937 2725 of
949 2691 965 2726 a
978 2691 1049 2726 verse

197 2753 261 2803 from
278 2754 320 2803 the
332 2754 404 2803 Bible
414 2753 449 2817 by
459 2753 502 2803 the
518 2753 637 2818 prisoner.
673 2754 751 2802 From
767 2753 836 2802 Piers
849 2753 986 2812 Plowman,
1004 2769 1045 2803 xv.

199 2841 254 2892 127,
268 2831 287 2880 it
295 2847 376 2882 seems
386 2830 488 2895 already
498 2837 526 2880 to
536 2831 601 2880 have
611 2831 676 2880 been
686 2830 758 2880 usual
770 2836 796 2879 to
807 2837 845 2880 set
856 2845 904 2879 one
915 2828 1048 2894 particular

197 2924 274 2958 verse.

228 2985 315 3047 insuti]
338 2985 394 3034 The
408 2983 521 3042 classioal
533 2984 624 3049 phrase
639 2983 660 3034 is
675 2985 775 3034 insuere
788 2984 895 3048 alapuem
910 2983 940 3032 in
950 2984 1048 3032 culeum

197 3060 262 3123 (Cic.
277 3064 351 3112 Rosc.
365 3062 424 3111 Am.
438 3062 488 3124 25).
524 3061 569 3111 All
588 3060 658 3111 these
676 3060 849 3125 punishments
867 3076 935 3110 were
948 3060 1010 3111 used
1022 3059 1049 3111 iu

196 3139 320 3190 medieval
332 3139 419 3189 times:
438 3153 477 3202 cp.
491 3138 676 3202 Archaeologia,
689 3137 789 3187 xxxviii.
805 3146 844 3200 54.

228 3215 412 3278 holocaustum]
437 3215 484 3280 Cp.
505 3216 545 3266 Ps.
565 3214 616 3265 lxv.
641 3223 688 3278 152
714 3215 732 3241 ‘⁶
742 3214 898 3265 Holocausta
914 3212 1050 3266 medullata

197 3294 299 3345 offeram
310 3293 364 3343 tibi.
369 3290 383 3313 ''
