2324 3982
260 300 294 356 32
558 290 820 343 Parammon

258 472 459 539 praesumunt,
483 460 600 540 indigni
620 460 739 540 penitus
759 474 791 524 et
813 461 939 538 indocti,
954 473 986 524 et
1005 483 1115 541 parvus

257 578 339 621 error
351 558 383 621 in
396 559 545 639 principio
564 559 711 621 maximus
731 561 765 621 fit
785 559 819 620 in
838 561 907 622 fine
946 561 1116 623 Succrescit

259 674 390 736 namque
403 656 436 716 in
448 675 538 735 grege
550 667 650 719 vestro
670 655 841 735 promiscuo
861 655 1006 718 laicorum
1026 677 1116 735 quae

258 753 329 815 dam
342 752 503 815 multitudo
516 754 679 832 plurimum
692 773 829 827 onerosa,
844 753 897 832 qui
911 764 1013 816 tamen
1028 774 1062 816 se
1075 757 1114 818 ad

257 850 490 931 praedicationis
509 850 643 913 officium
663 861 748 913 tanto
770 850 937 929 improbius
963 851 1140 930 ingerunts

257 959 372 1026 quanto
385 947 485 1009 minus
498 967 535 1010 ea
547 968 627 1026 quae
636 950 802 1026 loquuntur
809 947 986 1026 intelligunt,
999 949 1031 1011 in
1044 969 1115 1011 con·

257 1055 405 1123 temptum
420 1044 565 1107 sermonis
576 1044 669 1107 divini
681 1056 711 1106 et
723 1045 754 1106 in
765 1045 927 1123 perniciem
936 1046 1112 1109 animarum.

206 1147 243 1209 95
258 1144 337 1205 Saue
357 1153 462 1204 contra
487 1144 585 1222 legem
609 1140 642 1203 in
664 1144 743 1205 bove
763 1143 853 1204 aratis
876 1152 907 1205 et
922 1143 1018 1218 asino,
1043 1164 1113 1206 cum

256 1237 387 1301 indoctis
413 1250 445 1303 et
473 1240 572 1301 doctis
599 1241 746 1301 culturam
772 1239 834 1318 agri
858 1239 1005 1301 dominici
1029 1260 1114 1302 com·

256 1335 553 1414 mittitisparipassu.
588 1337 738 1414 Scriptum
752 1347 816 1398 est:
838 1340 936 1399 Boves
945 1339 1073 1399 arabant
1083 1348 1114 1400 et
1128 1367 1154 1401 ιο

256 1433 358 1495 asinae
368 1436 567 1512 pascebantur
576 1433 659 1496 iuxta
666 1453 738 1506 eos3
757 1433 901 1511 quoniam
915 1433 1112 1497 discretorum

256 1529 380 1592 interest
401 1531 582 1609 praedicare,
607 1530 789 1609 simplicium
811 1550 882 1592 vero
903 1551 957 1608 per
973 1531 1113 1593 auditum

256 1627 332 1688 sacri
345 1627 458 1706 eloquii
475 1630 532 1689 sub
552 1626 672 1689 silentio
690 1647 724 1689 se
743 1627 853 1689 cibare.
894 1630 978 1705 Quot
997 1629 1113 1708 lapides

256 1723 372 1785 mittitis
398 1723 431 1784 in
458 1743 596 1786 acervum
628 1723 770 1786 Mercurii
799 1723 846 1786 his
877 1724 1003 1787 diebus!
1036 1739 1113 1805 quot

289 1930 365 1981 tEst
374 1931 409 1981 sr’c
419 1931 593 1996 namqueedd·
607 1935 618 1990 l
628 1931 774 1996 4plun'mir
784 1932 842 1983 edd.
856 1937 867 1991 ΙΙ

288 2134 459 2200 praesumunt]
476 2135 523 2201 Cp.
536 2133 658 2200 Jerome’s
668 2135 743 2186 letter
753 2143 780 2187 to
791 2137 919 2200 Paulinus,
934 2138 1001 2205 Epp.
1015 2151 1056 2205 50.

287 2227 379 2276 parvus
386 2212 464 2274 error]
474 2213 550 2262 From
557 2212 813 2274 Aristot.,DeCaelo,
820 2215 837 2264 i.
845 2224 874 2278 5:
885 2215 914 2266 τὸ
921 2216 1020 2282 ἐνάρχῤ
1024 2219 1112 2283 μικρὸν

256 2289 284 2340 ἐν
294 2289 328 2354 τῇ
336 2290 438 2354 τελευτῇ
448 2289 540 2354 γίνεται
548 2287 708 2354 παμμέγεθες.
734 2291 781 2355 Cp.
793 2291 886 2351 Bacon,
900 2291 951 2357 Op.
966 2293 1015 2354 M„
1030 2311 1054 2359 p.
1067 2309 1108 2357 40.

286 2366 313 2415 in
321 2366 396 2428 bove]
408 2366 457 2430 Cp.
468 2365 543 2416 Deut
554 2365 612 2415 xxii.
629 2378 676 2416 ιο]
695 2368 714 2393 “
722 2366 783 2416 Non
792 2367 874 2418 arabis
885 2367 912 2416 in
923 2369 988 2419 bove
999 2369 1074 2420 simul
1085 2379 1110 2422 et

254 2441 351 2493 asino.”

289 2521 372 2570 Boves
382 2518 497 2579 arabunt]
515 2519 590 2568 From
600 2518 658 2583 Job‚
673 2519 689 2569 i.
706 2531 743 2581 14.

288 2610 403 2646 acervum
417 2595 547 2656 Mercurii]
564 2595 641 2644 From
657 2597 730 2646 Prov.
749 2596 811 2645 xxii.
822 2596 845 2647 8.
882 2597 938 2648 The
954 2599 1074 2665 meaning
1084 2601 1114 2651 of

262 2672 312 2723 this
327 2672 416 2737 phrase
431 2672 452 2721 is
469 2687 528 2736 very
541 2672 677 2732 uncertain,
695 2673 740 2722 but
757 2688 795 2722 we
811 2689 869 2737 may
885 2674 995 2739 perhaps
1011 2691 1109 2727 assume

260 2751 314 2800 that
326 2751 366 2799 De
377 2749 444 2814 Bury
454 2748 505 2798 had
516 2748 542 2797 in
552 2747 591 2797 his
602 2748 673 2797 mind
684 2749 728 2799 the
738 2750 900 2814 explanation
910 2752 994 2802 which
1005 2769 1045 2804 we
1056 2754 1109 2803 find

256 2826 283 2877 irr
305 2827 414 2888 Holkot,
436 2827 518 2890 Super
535 2826 606 2890 Sap„
630 2825 648 2875 f.
672 2837 718 2889 133
739 2825 773 2877 b:
799 2828 963 2879 “Mercurius
984 2838 1023 2880 est
1045 2831 1106 2881 deus

255 2911 428 2954 mercatorum.
463 2903 574 2952 Acervus
583 2903 696 2967 computi
706 2903 747 2954 vel
757 2905 882 2955 ratiocinii
893 2914 996 2957 vocatur
1006 2924 1110 2960 acervus

254 2981 379 3031 Mercurii.
420 2981 587 3045 Computatur
607 2988 692 3030 autem
717 2982 870 3047 quaudoque
890 2999 948 3034 cum
970 2984 1106 3050 lapidibus.

254 3059 325 3110 Sicut
348 3059 424 3123 igitur
440 3057 476 3107 ibi
492 3058 594 3121 ponitur
610 3073 674 3107 uuus
690 3058 791 3123 lapillus
807 3075 854 3124 pro
870 3060 957 3111 decem
974 3062 1053 3124 libris,
1073 3065 1109 3113 ita

253 3135 354 3199 ponitur
369 3134 396 3182 in
406 3132 511 3183 ecclesia
526 3132 677 3197 quandoque
691 3149 755 3185 unus
770 3135 851 3186 idiota
860 3137 900 3187 vel
915 3138 1037 3203 insipiens
1052 3139 1109 3190 loco

252 3211 357 3276 praelati
373 3217 398 3260 et
414 3210 471 3259 loco
488 3208 564 3260 Dei.”
598 3210 623 3259 It
634 3211 719 3262 would
735 3228 817 3275 mean,
832 3213 963 3277 therefore,
978 3216 1034 3267 that
1048 3217 1109 3283 they

252 3305 295 3340 are
305 3285 399 3350 merely
410 3285 539 3336 worthless
550 3294 673 3340 couniers.
