2324 3982
233 300 280 339 120
529 288 791 340 PHILOBIBLON

158 478 213 517 201
271 457 354 534 Quid
374 459 480 535 plura?
500 456 708 536 proculdubio,
724 457 802 519 sicut
818 460 936 520 Seneca
956 459 1086 520 docente

230 553 399 630 didicimus,
428 554 525 616 otium
559 555 624 617 sine
656 555 762 619 litteris
787 575 868 617 mors
895 567 942 618 est
969 568 1002 618 et
1027 556 1087 618 viri

228 651 361 714 hominis
388 654 548 731 sepultura,
576 652 618 714 ita
644 672 746 715 revera
772 673 791 715 a
818 674 908 717 sensu
936 655 1086 718 contrario

229 749 392 811 litterarum
427 769 480 812 seu
516 749 658 812 librorum
692 751 847 830 negotium
875 753 1086 816 concludimus

229 846 359 909 hominis
374 866 440 910 esse
453 848 553 909 vitam
1097 877 1110 927 ς

157 960 212 998 202
270 947 386 1005 Rursus
413 964 466 1023 per
492 944 585 1006 libros
608 956 670 1006 tam
697 945 801 1008 amicis
828 967 921 1025 quam
950 947 1086 1010 hostibus

228 1041 410 1116 intimamus,
432 1061 510 1120 quae
530 1061 722 1121 nequaquam
744 1064 848 1106 secure
869 1044 983 1106 nuntiis
1004 1065 1087 1107 com·

228 1142 425 1201 mendamus:
441 1139 583 1217 quoniam
592 1140 668 1202 libro
678 1143 856 1220 plerumque
866 1144 906 1204 ad
914 1142 1086 1222 principum

228 1239 376 1298 thalamos
404 1236 553 1316 ingressus
584 1239 767 1313 conceditru,
802 1258 865 1317 quo
896 1241 1087 1318 repelleretur

228 1334 348 1412 penitus
364 1354 422 1395 vox
435 1334 574 1410 auctoris,
588 1335 665 1397 sicut
675 1334 878 1397 Tertullianus
892 1335 924 1396 in
939 1336 1087 1415 principio
1098 1361 1124 1395 ιο

228 1432 419 1510 Apologetici
433 1432 478 1493 sui
492 1432 572 1494 dicit.
617 1433 795 1494 Carceribus
808 1444 840 1494 et
852 1432 981 1495 vinculis
989 1446 1088 1496 custo

230 1530 293 1604 diti,
303 1531 503 1608 ademptaque
512 1529 631 1607 penitus
642 1530 776 1608 corporis
786 1529 932 1606 libertate,
943 1531 1086 1592 librorum

230 1627 428 1706 legationibus
436 1626 548 1687 utimur
556 1628 596 1688 ad
604 1626 729 1701 amicos,
740 1627 844 1705 eisque
853 1648 960 1689 causas
970 1640 1087 1695 nostras

231 1724 433 1802 expediendas
457 1723 681 1799 committimus,
705 1735 796 1802 atque
820 1724 892 1785 illuc
915 1725 1088 1786 transmitti·

230 1841 305 1894 mus,
321 1840 382 1898 quo
396 1820 484 1882 nobis
503 1824 586 1882 fieret
605 1841 696 1882 causa
715 1822 818 1882 mortis
839 1842 988 1883 accessus.
1030 1826 1088 1884 Per
1099 1841 1124 1890 ις

230 1918 322 1979 libros
338 1917 564 1995 praeteritorum
581 1917 804 1992 reminiscimur,
824 1919 864 1979 de
884 1919 991 1980 futuris
1012 1939 1088 1998 quo·

231 2016 397 2075 dammodo
421 2017 643 2093 prophetamus,
664 2015 832 2093 praesentia
853 2036 931 2094 quae
947 2018 1088 2078 labuntur

231 2124 261 2174 et
275 2115 370 2173 fluunt
385 2114 547 2191 scripturae
561 2113 707 2175 memoria
720 2114 896 2176 stabilimus.

159 2235 216 2291 ²03
272 2209 355 2270 Felix
369 2210 544 2271 studiositas
558 2221 588 2272 et
602 2211 737 2272 studiosa
746 2210 872 2272 felicitas
882 2211 1086 2290 praepotentis

266 2421 277 2458 1
294 2409 389 2458 docente
404 2408 543 2473 octogesimo
555 2415 646 2472 quarta
659 2408 757 2473 epistola
771 2425 825 2473 quae
839 2409 929 2473 incipit
943 2409 1020 2460 Desii
1034 2411 1086 2461 iam

230 2487 259 2536 dc
275 2494 298 2537 te
314 2502 362 2536 esse
378 2487 497 2536 sollicitus
514 2487 571 2536 edd.
592 2491 601 2544 ll
619 2499 634 2534 2
651 2486 795 2535 didiscimus
810 2489 835 2535 A
852 2487 879 2536 E
895 2487 1046 2538 addiscimus
1061 2489 1088 2538 B

230 2580 280 2614 om.
295 2564 352 2613 edd.
367 2564 474 2612 dicimus
486 2563 564 2613 Coch.
575 2568 606 2627 ls
618 2563 727 2613 hominis
738 2578 787 2613 om.
802 2563 859 2613 edd.
873 2564 927 2613 vr'ta
937 2565 965 2613 E
974 2569 983 2623 ΙΙ
992 2576 1005 2627 7
1010 2567 1086 2631 prin·

230 2642 357 2706 cipmmE
364 2646 372 2700 ΙΙ
383 2655 413 2691 10
413 2642 499 2706 primo
505 2642 544 2705 Ja
555 2645 565 2699 ΙΙ
575 2654 601 2690 11
611 2641 949 2691 custoditionibmutimurE
955 2639 967 2705 ΙΙ
976 2656 1007 2705 14
1014 2650 1087 2710 atque

231 2719 291 2769 illuc
302 2719 496 2769 transmittimus
506 2735 555 2769 om.
571 2719 627 2768 edd.
642 2724 651 2777 ΙΙ
666 2731 696 2782 19
704 2719 865 2783 proposuistis
877 2720 904 2768 D
916 2723 925 2778 l]

265 2919 360 2969 Seneca
370 2919 477 2968 docente
489 2918 630 2980 didicimus]
649 2919 697 2969 See
709 2919 775 2983 Epp.
790 2918 829 2969 82.
843 2932 867 2982 3.

264 2994 442 3056 Tertullianus]
459 2995 534 3059 Apol.
551 3011 571 3044 c.
588 2995 618 3043 i.:
638 2996 671 3045 “.
686 3030 692 3045 .
708 3031 714 3045 .
733 2996 807 3045 liceat
824 2997 922 3047 veritati
937 2997 978 3047 vel
991 2999 1088 3049 occulta

232 3074 273 3123 via
284 3073 414 3122 tacitarum
425 3072 563 3122 litterarum
574 3072 606 3121 ad
618 3088 689 3122 aures
700 3080 794 3123 vestras
805 3075 934 3138 pervenire
940 3072 955 3096 ''
967 3076 1087 3137 (Romani

232 3151 330 3216 imperii
340 3148 481 3213 antistites).

265 3229 376 3277 studiosa
392 3227 506 3289 felicitas]
524 3228 579 3277 The
598 3228 688 3292 phrase
710 3231 820 3282 reminds
838 3247 866 3281 us
883 3231 913 3282 oi
931 3233 974 3282 the
991 3234 1088 3285 cumhsa

225 3308 337 3374 felicitas
347 3306 375 3357 oi
385 3307 514 3357 Petronius
526 3307 557 3368 (c.
575 3306 640 3368 118).
