2324 3982
242 286 290 339 raa
518 232 520 236 λ
539 274 801 328 ΡΗΙιοΒΙΒιοΝ

240 464 361 508 necnon
383 465 439 523 pro
460 444 619 508 animabus
646 444 836 508 illustrissimi
862 445 940 525 regis
967 446 1100 526 Angliae

241 542 380 605 Edwardi
401 541 480 603 tertii
505 552 574 620 post
600 554 801 620 conquestum
821 562 858 604 ac
882 543 1099 607 devotissimae

240 638 381 701 dominae
401 638 521 717 reginae
541 638 700 717 Philippae
720 639 868 707 consortis
889 638 1036 717 eiusdem,
1064 651 1100 703 ut

240 735 333 798 iidem
347 735 415 797 libri
428 735 568 798 omnibus
588 746 620 798 et
639 735 762 815 singulis
782 735 983 799 universitatis
998 737 1100 800 dictae

239 831 328 896 villae
341 832 526 894 scholaribus
536 842 568 894 et
581 832 728 912 magistris
738 844 801 895 tarn
811 832 997 912 regularibus
1005 854 1099 913 quam
1112 862 1126 913 ς

240 929 443 991 saecularibus
465 930 696 991 commodentur
719 949 774 1008 pro
804 941 941 1009 tempore
967 933 1009 993 ad
1032 950 1100 1010 pro

240 1026 353 1087 tectum
367 1037 397 1087 et
417 1044 507 1086 usum
530 1025 679 1098 studendi,
694 1025 776 1086 iuxta
792 1027 919 1087 modum
932 1045 1024 1104 quem
1044 1026 1100 1088 im·

241 1122 372 1185 mediate
386 1120 603 1200 subiungimus,
618 1122 670 1200 qui
684 1133 729 1184 est
743 1122 819 1183 talis.

170 1221 229 1301 ²³⁸
282 1217 425 1296 Quinque
438 1221 477 1280 de
492 1219 676 1281 scholaribus
690 1219 721 1280 in
735 1221 802 1280 aula
815 1221 949 1296 praefata
960 1239 1100 1282 commo·

241 1316 374 1378 rantibus
391 1315 579 1395 assignentur
591 1337 646 1395 per
663 1317 799 1379 eiusdem
812 1317 899 1377 aulae
912 1315 1098 1395 magistrum,
1113 1346 1144 1383 ro

241 1411 351 1490 quibus
373 1413 509 1474 omnium
529 1413 671 1475 librorum
696 1412 833 1475 custodia
859 1414 1031 1491 deputetur,
1058 1417 1101 1477 de

241 1509 352 1587 quibus
365 1509 500 1587 quinque
507 1510 643 1588 personis
651 1521 710 1572 tres
720 1522 751 1573 et
760 1511 932 1571 nullatenus
939 1510 1101 1588 pauciores

241 1605 350 1668 librum
360 1608 408 1667 vel
416 1606 507 1667 libros
520 1609 560 1669 ad
570 1606 789 1684 inspectionem
800 1617 831 1668 et
843 1625 932 1667 usum
941 1608 1101 1671 dumtaxat

241 1701 335 1765 studii
345 1704 464 1764 valeant
479 1705 690 1774 commodare3
711 1705 752 1766 ad
766 1703 950 1782 copiandum
963 1723 1038 1767 vero
1050 1708 1101 1768 vel

242 1799 500 1861 transcribendum
511 1801 625 1860 nullum
634 1800 742 1863 librum
753 1802 891 1863 volumus
901 1811 985 1862 extra
993 1813 1101 1882 saepta
1113 1829 1141 1881 ις

242 1897 351 1957 domus
364 1897 499 1958 concedi.

169 2015 229 2076 239
283 1992 377 2071 Igitur
403 2013 474 2054 cum
498 1993 642 2054 scholaris
663 1994 836 2072 quicunque
864 1995 1026 2057 saecularis
1050 2003 1099 2058 vel

241 2089 403 2169 religiosus,
419 2109 496 2167 quos
517 2090 549 2150 in
569 2091 719 2169 praesenti
739 2093 840 2155 favore
858 2093 898 2153 ad
919 2093 1002 2171 paria
1023 2093 1098 2156 iudi·

274 2281 290 2320 2
301 2269 424 2320 Eduardt'
433 2269 508 2335 vulgo
520 2274 530 2328 ΙΙ

272 2433 316 2499 qui
332 2440 370 2485 est
392 2433 460 2497 talis]
483 2433 602 2485 Cocheris
618 2441 732 2499 suggests
754 2435 809 2486 that
825 2435 869 2486 the
885 2435 1016 2502 following
1032 2439 1098 2490 rules

241 2527 306 2562 were
320 2512 451 2561 borrowed
466 2512 500 2575 by
511 2513 552 2562 De
570 2512 636 2576 Bury
647 2512 711 2561 from
726 2513 769 2563 the
786 2514 950 2578 Regulations
965 2515 1049 2566 issued
1059 2517 1099 2567 sor

240 2587 284 2638 the
299 2587 391 2653 library
402 2589 431 2638 of
443 2588 487 2638 the
504 2589 635 2640 Sorbonne
651 2590 677 2638 in
695 2602 766 2652 1321,
779 2606 849 2641 some
865 2607 936 2654 years
951 2592 1038 2642 before
1055 2593 1098 2642 the

241 2665 337 2730 Bishop
358 2666 450 2715 visited
477 2667 567 2726 Parist
593 2666 639 2716 but
664 2666 725 2731 they
747 2683 812 2718 were
833 2669 903 2734 quite
924 2684 952 2719 as
973 2671 1099 2735 probably

241 2743 343 2793 derived
354 2742 418 2793 stom
430 2743 527 2793 Oxsotd
540 2762 546 2793 ε
564 2759 606 2794 see
619 2745 800 2796 Introduction.

273 2821 306 2870 de
316 2821 482 2882 scholaribus]
501 2821 585 2872 “The
602 2829 667 2871 term
680 2821 805 2872 ‘scholar’
817 2839 875 2888 may
886 2824 919 2874 be
934 2824 1057 2889 regarded
1071 2840 1099 2875 as

241 2897 327 2960 nearly
343 2897 486 2962 equivalent
508 2906 535 2948 to
553 2897 664 2948 ‘fellow’
681 2900 708 2948 in
724 2915 770 2949 our
786 2900 855 2964 early
871 2902 966 2964 college
983 2909 1096 2964 statutas,

241 2974 380 3040 indicating
390 2992 405 3024 a
416 2975 517 3025 student
527 2975 632 3039 entirely
642 2977 778 3041 supported
789 2977 823 3040 by
834 2977 877 3027 the
888 2994 1008 3029 revenues
1018 2979 1049 3028 os
1056 2979 1099 3029 the

241 3052 388 3104 foundation
403 3052 452 3101 and
475 3051 653 3117 participating
668 3053 696 3102 in
714 3053 757 3103 the
773 3054 875 3116 general
896 3054 1098 3118 governmentr’'

242 3130 386 3194 Mullinger,
399 3129 476 3179 Univ.
488 3129 517 3179 of
525 3130 684 3194 Cambridge,
699 3131 715 3180 i.
730 3131 784 3192 167.
815 3132 878 3181 This
888 3133 987 3197 applies
998 3133 1099 3199 equally

243 3214 271 3258 to
282 3205 396 3258 exford:
413 3206 531 3255 Maxwell
543 3207 615 3270 Lyte‚
631 3207 699 3258 Hist.
715 3207 792 3257 Univ.
806 3207 911 3269 Oxford,
926 3218 966 3271 77.

275 3283 309 3334 ed
320 3282 400 3348 paria]
418 3283 467 3348 Cp.
479 3284 597 3345 Bracton,
612 3285 653 3334 De
668 3285 785 3349 Legibus,
799 3285 824 3336 ii.
837 3296 879 3349 37,
892 3299 926 3336 2:
944 3289 962 3314 ‘⁶
975 3287 1099 3338 Foemina
