2324 3982
231 288 265 343 34
531 277 794 331 rnrronrnrorr

235 469 292 511 nos
310 449 445 510 iniectos.
489 447 685 510 Arthriticam
708 447 1025 527 patiuntur.nonnulli
1049 452 1089 514 de

235 546 333 620 nobis,
360 545 437 607 sicut
463 546 666 608 extremitates
692 557 824 608 retortae
851 545 1007 608 insinuant
1029 548 1091 610 evi·

236 645 351 706 denter.
406 646 520 706 Fumus
560 653 592 706 et
626 643 737 722 pulvis,
775 643 888 722 quibus
913 644 1091 708 infestamur

236 740 367 816 assidue,
388 740 540 803 radiorum
558 740 717 802 visualium
737 740 834 802 aciem
855 742 1035 805 hebetarunt
1059 752 1091 804 et

204 837 297 903 iam
315 837 510 917 lippientibus
528 837 623 900 oculis
637 837 854 950 ophthalmiam
874 841 1089 917 superducunt.
1104 861 1117 913 5

184 927 224 1001 ⁶4
240 937 368 998 Ventres
395 935 489 997 nostri
516 935 598 997 duris
620 935 803 998 torsionibus
823 935 981 1012 viscerum,
1008 946 1090 1016 quae

238 1052 356 1096 vermes
375 1035 484 1094 edaces
500 1052 564 1094 non
584 1043 703 1095 cessant
717 1035 883 1110 corrodere,
906 1053 1092 1096 consumun-

237 1142 287 1193 tur
314 1141 344 1192 et
368 1130 522 1208 utriusque
552 1131 656 1192 Lazari
679 1130 862 1192 sustinemus
887 1130 1089 1208 putredinem,

234 1247 293 1289 nec
326 1227 477 1289 invenitur
502 1227 670 1306 qnisquam,
706 1227 759 1305 qui
792 1227 875 1289 cedri
907 1226 1007 1289 resina
1033 1248 1091 1290 nos

235 1316 322 1387 liniat
342 1327 390 1386 vel
413 1324 467 1403 qui
495 1324 696 1402 quatriduano
719 1324 781 1386 iam
810 1324 932 1403 putrido
955 1325 1091 1388 clamans
1106 1348 1135 1384 ιο

234 1421 326 1497 dicat,
358 1425 468 1484 Lazare
494 1421 566 1482 reni
592 1423 689 1483 foras!
729 1423 824 1483 Nullo
848 1421 1093 1500 circumligantur

237 1518 437 1581 medicamine
457 1519 581 1580 vulnera
598 1529 700 1579 nostra
721 1537 818 1594 saeva,
841 1537 919 1596 quae
939 1517 1029 1580 nobis
1048 1518 1093 1580 in-

236 1616 332 1679 noxiis
350 1615 516 1678 inferuntur
534 1614 683 1690 atrociter,
697 1634 756 1676 nec
772 1625 819 1677 est
836 1616 915 1676 ullus
929 1614 982 1693 qui
1000 1635 1093 1695 super

271 1785 282 1822 ι
296 1771 442 1822 archeticam
453 1772 478 1820 A
490 1770 636 1821 arthemiam
647 1771 673 1821 B
687 1771 716 1821 D
726 1771 754 1820 Ε
762 1775 772 1829 ΙΙ
784 1783 799 1836 3
810 1773 910 1823 Fumus
919 1779 966 1822 aut
966 1773 1053 1838 fimus
1063 1789 1093 1824 ac

229 1849 318 1916 pulvis
328 1849 351 1898 L
362 1848 419 1898 edd.
432 1847 465 1906 118
475 1848 559 1898 lauari
565 1861 581 1898 2
590 1855 614 1897 ct
624 1848 753 1916 citiusque
766 1848 792 1898 B
801 1849 888 1899 latm‘s
897 1849 954 1901 edd.
969 1855 980 1909 11
989 1862 1091 1916 loqua-

234 1927 361 1977 tn’duan'o
371 1928 396 1976 A
405 1931 415 1984 ΙΙ
428 1926 589 1990 religamine
598 1926 656 1977 edd.
668 1925 679 1991 fl
693 1927 881 1989 13insmmtur
889 1928 948 1979 edd.
960 1927 973 1994 ΙΙ

228 2066 289 2118 'that
300 2066 320 2115 it
331 2081 382 2115 was
393 2065 468 2116 enred
480 2065 564 2130 hythe
576 2064 642 2131 sight
652 2064 682 2116 oi
689 2065 733 2116 the
743 2065 842 2127 icterus,
852 2066 933 2116 abird
944 2067 1090 2120 mentioned
1129 2079 1138 2087 ‘

233 2131 269 2196 by
286 2132 368 2195 Pliny,
388 2132 424 2180 Η.
442 2131 476 2182 Ν.
496 2148 552 2181 xxx.
570 2143 609 2192 11,
628 2143 661 2193 29
672 2149 679 2181 ι
697 2147 737 2196 cp.
751 2148 792 2181 xx.
812 2143 837 2193 9,
851 2144 892 2196 34.
927 2133 961 2183 In
976 2133 1091 2184 classical

235 2209 312 2260 Latin
322 2209 383 2272 only
393 2209 437 2259 the
448 2209 572 2273 adjective
583 2210 697 2258 &teneus
707 2209 729 2258 is
739 2209 826 2259 found.

266 2287 394 2352 utriusque
406 2287 504 2348 head]
522 2287 592 2336 Most
603 2285 631 2336 of
643 2286 687 2336 the
697 2287 798 2351 printed
810 2291 876 2336 texts
885 2286 947 2339 read
956 2289 1091 2354 utnasqrre

235 2366 326 2425 latum,
336 2364 419 2414 which
428 2364 547 2415 Cocheris
558 2363 697 2424 translates,
711 2365 789 2414 ‘nous
796 2371 901 2429 portons
910 2364 937 2414 la
944 2367 1090 2431 corruption

234 2444 297 2494 daus
308 2458 355 2492 nos
365 2441 461 2502 flancs,’
473 2443 523 2493 and
534 2442 623 2508 lnglis,
639 2444 695 2492 ‘we
706 2441 780 2492 suffer
791 2443 935 2507 corruption
946 2442 1027 2493 inside
1037 2444 1090 2495 and

234 2519 298 2572 ont’
330 2521 381 2570 But
391 2519 435 2570 the
446 2527 500 2570 true
514 2520 618 2584 reading
632 2519 653 2568 is
668 2519 841 2584 undoubtedly
855 2520 957 2580 ἰωή,
969 2519 1090 2586 referring

234 2605 262 2648 to
279 2597 323 2649 the
340 2598 454 2647 Lanam
469 2597 591 2647 ulceribus
601 2596 735 2661 plenarios
747 2595 821 2646 Lulre
840 2596 899 2660 (xvi.
919 2596 962 2658 πο)
978 2598 1028 2647 and
1045 2597 1089 2648 the

235 2676 350 2726 haam
365 2681 479 2724 mortuus
495 2675 524 2724 of
535 2673 604 2737 John
615 2672 659 2736 (xi.
676 2674 725 2735 ιι),
739 2672 842 2724 theone
853 2673 971 2739 suffering
982 2673 1025 2724 the
1035 2690 1089 2728 eor·

235 2753 336 2817 ruption
347 2751 376 2801 os
384 2751 489 2810 disease,
503 2749 546 2800 the
557 2749 630 2800 other
640 2748 695 2799 that
706 2749 734 2800 of
742 2749 825 2801 death.

269 2828 445 2894 quatriduano]
468 2828 517 2892 Cp.
529 2826 598 2892 John
609 2827 642 2877 xi.
657 2838 705 2890 39:
732 2825 803 2891 ‘jam
813 2826 896 2888 faetet,
909 2827 1090 2892 quatriduanus

237 2914 276 2958 est
287 2905 374 2957 enim'

270 2984 339 3034 cedri
350 2983 442 3044 resina]
466 2982 576 3041 Holkot,
589 2982 670 3047 Super
682 2981 742 3048 Sap.
755 2980 774 3031 1.
786 2980 852 3043 cxci,
863 2987 953 3047 quotes
967 2981 1089 3044 Isidorus,

239 3061 322 3125 Etym.
345 3061 403 3110 xvii.
418 3059 452 3111 82
481 3061 543 3111 “de
558 3060 644 3121 cedro,
662 3060 731 3124 quod
747 3059 855 3110 resinam
871 3058 998 3124 quandam
1013 3059 1091 3110 habet

238 3154 304 3203 quse
315 3138 398 3189 cedria
414 3138 513 3198 dicitur,
526 3153 591 3202 quae
602 3138 628 3187 in
643 3137 770 3189 servandis
780 3137 851 3188 libris
861 3137 925 3188 adeo
935 3143 973 3187 est
983 3137 1053 3188 utilis
1064 3145 1092 3188 ut

240 3215 350 3280 perliniti
362 3231 392 3264 ex
403 3230 434 3264 ea
443 3230 490 3265 nec
501 3216 582 3266 tineas
592 3216 775 3280 patianturnec
785 3212 1066 3280 temporaraneum

272 3292 434 3343 Larareveni
444 3292 510 3344 foras
520 3291 538 3358 l]
562 3293 638 3344 From
647 3292 716 3358 John
726 3293 759 3344 xi.
771 3304 813 3356 43.
