2324 3982
166 372 170 384 Ι
234 314 266 356 22
531 299 795 359 antiomenon

234 478 409 537 Romanum
430 473 601 553 septimum,
631 475 739 538 dicitur
766 474 937 553 accessisse,
966 478 1090 538 venales

233 573 361 634 offerens
374 592 484 634 novem
498 571 598 647 libros,
610 571 641 632 in
656 573 764 650 quibus
777 574 824 651 (ut
838 572 974 653 asseruit)
986 573 1090 635 divina

234 668 463 730 continebantur
479 670 608 743 oracula,
628 670 682 731 sed
703 669 880 731 immensam
897 690 952 748 pro
973 669 1090 732 eisdem

233 766 372 846 poposcit
392 765 562 844 pecuniam,
585 766 616 827 in
635 777 751 828 tantum
771 778 805 829 ut
823 787 874 829 rex
891 787 958 829 eam
975 766 1090 829 diceret

234 863 366 926 delirare
410 865 467 924 Illa
477 874 629 924 commota
643 874 702 925 tres
709 864 799 925 libros
809 863 842 923 in
851 864 952 942 ignem
961 863 1089 942 proiecit
1103 882 1117 932 ς

235 970 266 1022 et
279 978 333 1038 pro
346 959 473 1021 residuis
487 979 633 1020 summam
648 979 739 1037 quam
753 959 835 1039 prius
853 959 959 1039 exegit
1002 962 1089 1038 Rege

234 1069 372 1136 negante,
383 1076 483 1118 rursus
493 1067 553 1118 tres
563 1057 638 1118 alios
652 1056 684 1118 in
697 1057 797 1136 ignem
808 1057 934 1136 proiecit
946 1068 976 1119 et
987 1059 1090 1120 adhuc

235 1174 292 1234 pro
318 1154 413 1216 tribus
441 1152 566 1215 residuis
601 1153 727 1231 primam
756 1173 904 1216 summam
935 1155 1092 1233 poposcit-

234 1252 374 1313 Tandem
383 1251 564 1328 stupetactus
574 1269 662 1329 supra
672 1251 996 1330 modum,quuinius
1007 1270 1089 1313 sum·

234 1368 316 1412 mam
328 1367 383 1427 pro
402 1347 496 1410 tribus
515 1349 626 1426 gaudet
646 1349 807 1423 exsolvere,
821 1369 876 1427 pro
897 1368 957 1426 qua
977 1368 1089 1410 novem
1104 1373 1135 1409 10

235 1457 352 1525 poterat
372 1445 541 1508 redemisse.
583 1446 692 1506 Vetula
712 1445 812 1507 statim
834 1444 987 1524 disparuit,
1011 1465 1090 1524 quae

184 1547 223 1606 43
236 1563 293 1604 nec
319 1541 409 1621 prius,
437 1561 495 1603 nec
521 1552 628 1620 postea
654 1541 718 1604 visa
744 1541 808 1603 fuit
851 1541 897 1604 Hi
924 1553 995 1603 sunt
1021 1543 1091 1604 libri

236 1639 380 1717 Sibyllini,
402 1657 479 1716 quos
495 1638 584 1717 'quasi
603 1639 758 1716 quoddam
779 1637 915 1701 divinum
933 1641 1090 1701 oraculum

236 1755 290 1816 per
311 1735 443 1814 aliquem
466 1737 507 1797 de
527 1735 701 1813 quindecim
714 1735 784 1796 viris
804 1736 1003 1797 consulebant
1024 1739 1090 1798 Ro

236 1833 326 1906 mani,
348 1843 379 1895 et
401 1831 683 1911 quindecimviratus
714 1832 843 1894 creditur
870 1831 1002 1894 officium
1034 1832 1131 1904 ori-15

236 1930 337 2010 ginem
351 1929 499 1991 habuisse.
543 1929 626 2006 Quid
640 1928 723 1990 aliud
740 1930 815 1990 haec
832 1928 945 2005 Sibylla
959 1929 1090 2007 prophe·

237 2026 309 2089 tissa
323 2036 385 2087 tam
399 2028 481 2087 vafro
495 2028 576 2086 facto
590 2026 751 2102 superbum
765 2043 866 2103 regem
885 2025 1016 2100 edocuit,
1032 2025 1091 2089 nisi

236 2124 320 2203 quod
333 2143 404 2185 vasa
417 2121 589 2200 sapientiae,
605 2121 681 2182 sacri
695 2121 771 2196 libri,
785 2141 908 2182 omnem
925 2123 1091 2183 humanam

237 2220 477 2283 aestimationem
498 2220 659 2292 excedunt,
680 2229 711 2280 et
733 2218 810 2279 sicut
838 2219 878 2279 de
904 2237 999 2296 regno
1024 2239 1090 2281 cae-

237 2321 334 2380 lorum
355 2316 428 2379 dicit
450 2315 627 2394 Gregorius:
660 2317 793 2377 Tantum
812 2317 921 2390 valent,
943 2327 1091 2394 quantum
1103 2332 1131 2366 20

238 2402 342 2477 habes,

269 2572 286 2622 6
297 2571 425 2636 exigitEll
436 2583 462 2620 11
467 2569 616 2634 potueram
623 2567 634 2632 ΙΙ
646 2581 656 2618 1
661 2577 676 2632 ς
684 2568 804 2632 originem
813 2583 864 2618 om.
871 2568 930 2620 edd.
943 2569 1052 2634 origines
1062 2570 1091 2620 D

237 2654 248 2709 ΙΙ
262 2660 290 2712 17
302 2645 873 2711 varioBedd.ll19sa'cEllzovalentABll

269 2790 381 2840 Tantum
398 2786 475 2853 valet]
493 2789 616 2852 Gregory,
635 2787 693 2838 XL.
711 2786 881 2837 Homiliarum
897 2786 923 2836 iu
941 2786 1089 2852 Evangelia,

238 2868 281 2918 lib.
296 2869 312 2919 i.
333 2867 411 2917 Hom.
428 2876 458 2932 5:
479 2865 713 2915 “Aestimationem
731 2864 825 2928 quippe
842 2863 916 2929 pretii
934 2863 1089 2924 nonhabet,

237 2947 281 2998 sed
293 2953 377 2995 tamen
387 2959 491 3009 regnum
506 2943 556 2992 Dei
570 2948 667 2992 tantum
683 2941 757 3002 valet,
771 2948 892 3006 quantum
902 2939 1007 2991 babes!
1034 2941 1091 2992 The

237 3023 327 3088 phrase
339 3037 396 3086 may
406 3019 503 3071 remind
520 3035 549 3069 us
565 3018 595 3069 of
608 3016 746 3069 Cordelia’s
757 3034 852 3069 auswer
863 3024 890 3068 to
908 3018 978 3082 King
989 3018 1054 3068 Iear
1065 3018 1092 3068 in

239 3101 348 3150 Gervase
359 3099 389 3149 of
401 3098 514 3162 Tilbury,
529 3096 589 3147 Otia
606 3096 710 3160 Impen,
723 3095 749 3146 ii.
766 3105 812 3157 17:
832 3095 991 3159 “Quantum
1001 3094 1089 3155 habes,

239 3183 336 3229 tantum
347 3175 414 3227 valet
424 3181 450 3226 et
461 3181 558 3229 tautum
568 3179 593 3223 te
605 3169 710 3240 diligo.’'
