2324 3982
260 308 310 362 140
557 296 820 349 PHILOBIBLON

259 459 451 522 dominantur
461 458 791 538 imperio‚inhonore1n
800 459 1003 523 ordinavimus
1013 461 1116 524 maios

258 557 329 619 tetis
342 575 497 636 supremae
511 567 552 632 ut,
565 558 647 618 unde
659 576 745 618 meus
758 568 862 618 nostra
870 557 1115 635 tranquillitatem

259 653 369 732 reperit
394 652 516 732 requiei,
544 653 617 715 inde
644 652 855 716 devotissimus
882 666 1030 717 cresceret
1056 657 1117 716 cul-

188 762 245 825 235
259 762 307 813 tus
322 750 389 813 Dei.
432 752 639 828 Quamobrem
653 749 793 813 desinant
808 753 1024 826 obtrectantes,
1039 751 1116 813 sicut

258 847 342 910 caeci
351 851 391 910 de
400 847 549 909 coloribus
556 846 690 910 iudicare
694 869 705 924 ;
719 847 942 927 vespertiliones
951 849 991 911 de
1001 848 1117 910 lumini·
1129 869 1141 920 ς

258 947 316 1007 bus
325 944 491 1024 disceptare
499 965 561 1006 non
570 947 709 1020 audeant,
715 956 807 1023 atque
818 947 917 1007 trabes
925 945 1116 1024 gestantesin

259 1042 356 1104 oculis
377 1040 504 1120 propriis
525 1040 639 1105 alienas
662 1043 791 1104 festucas
814 1061 919 1104 cruere
946 1061 1011 1104 non
1035 1062 1115 1120 prae·

259 1149 386 1200 sumant
430 1140 558 1201 Cessent
567 1138 745 1199 commentis
757 1137 881 1200 satiricis
891 1137 1030 1218 sugillare
1038 1158 1115 1217 quae

260 1235 398 1297 nesciunt
412 1246 442 1297 et
456 1237 576 1296 occulte
589 1235 747 1312 discutere,
759 1255 836 1314 quae
849 1235 990 1296 humanis
1004 1236 1117 1314 experi-

260 1331 348 1394 entiis
362 1351 424 1394 non
437 1343 614 1411 patescunt3
636 1331 688 1410 qui
702 1352 759 1394 nos
772 1331 905 1393 fortassis
914 1335 1025 1394 affectu
1035 1352 1116 1394 com·
1128 1351 1155 1390 re

260 1431 454 1491 mendassent
469 1429 626 1503 benevolo,
642 1427 667 1489 si
688 1430 817 1490 ferarum
831 1428 963 1505 venatui,
981 1431 1115 1491 alearum

259 1526 347 1602 lusui,
363 1526 553 1588 dominarum
567 1526 723 1604 appuusui
736 1545 938 1588 vacassemus

293 1703 311 1752 4
321 1689 485 1740 obduratum
494 1689 533 1755 Jn.
545 1687 578 1755 115
589 1690 771 1756 vcspem'lt'ones
781 1706 832 1742 om.
842 1690 871 1740 D
882 1693 892 1749 ΙΙ
905 1689 921 1740 6
932 1690 1057 1756 decepture
1070 1690 1114 1749 Du

260 1764 277 1818 8
287 1767 444 1817 satt'n'comm
453 1766 493 1832 Ja.
508 1771 518 1826 ΙΙ

259 1930 409 1990 certainties,
422 1931 530 1981 because
544 1929 595 1980 this
605 1929 690 1980 would
706 1929 738 1980 be
748 1928 912 1980 inconsistent
919 1929 981 1980 with
991 1929 1044 1980 free
1052 1929 1110 1980 will.

260 2010 310 2059 Yet
317 2008 366 2057 this
373 2008 433 2057 does
440 2014 484 2056 not
493 2006 596 2058 exclude
605 2007 648 2057 the
660 2006 781 2057 influence
789 2006 819 2055 of
824 2007 866 2057 the
877 2014 956 2056 stars:
976 2008 1113 2072 “quumvis

260 2085 328 2136 enim
334 2083 417 2133 animo
423 2083 552 2133 rationalis
559 2100 610 2133 non
619 2084 715 2148 cogitur
725 2084 758 2132 ad
766 2091 836 2133 actus
844 2099 910 2144 suos,
921 2090 1008 2133 tamen
1018 2083 1113 2134 fortiter

259 2161 343 2212 induci
354 2167 436 2225 potest
447 2167 472 2211 et
483 2160 592 2222 excitari,
605 2168 633 2210 ut
644 2161 719 2226 gratis
730 2160 790 2210 velit
801 2176 839 2221 ea,
854 2161 885 2210 nd
897 2177 962 2226 quae
969 2161 1048 2212 virtus
1059 2176 1112 2212 cae·

258 2239 329 2290 lestis
338 2236 469 2287 inclinat.’'

291 2315 385 2366 alienas
396 2314 512 2377 festucas]
529 2313 576 2379 Cp.
588 2314 663 2366 Matr.
677 2313 718 2365 vii.
733 2325 757 2378 3,
771 2327 795 2376 4.
