2324 3982
436 294 661 347 corporatum
681 294 732 345 JV.
969 303 1002 359 ος

150 461 264 536 saretis,
287 473 347 523 tres
372 483 465 540 panes
497 464 762 525 commodarentur
787 461 1002 541 intelligentiae

150 558 316 634 Trinitatis,
330 559 361 619 in
375 579 437 638 qun
450 558 585 622 consistit
597 559 694 620 finalis
707 558 832 621 felicitas
843 558 1002 622 cuiuslibet

150 657 279 720 viatoris
323 661 416 736 Quod
440 659 541 742 sivos
563 660 640 720 haec
662 678 786 720 munera
806 679 869 720 non
891 660 1003 720 habere

150 756 292 832 dixeritis,
314 758 502 818 confidenter
524 757 690 831 asserimus,
712 758 795 835 quod
816 758 865 818 vel
886 777 923 818 ea
949 776 1003 835 per

150 849 297 910 incuriam
311 849 482 928 perdidistis
496 852 613 924 collata,
625 851 673 911 vel
686 849 717 910 in
728 849 875 928 principio
884 849 1001 912 desides
1016 856 1023 926 j

100 952 137 1023 48
150 945 304 1024 respuistis
317 948 425 1008 oblata
479 946 510 1008 Si
524 945 698 1007 huiusmodi
711 945 868 1008 videantur
880 945 1002 1025 ingratis

150 1042 267 1120 pusilla,
279 1042 425 1104 adicimus
438 1042 484 1103 his
498 1043 619 1104 maiora.
643 1086 646 1090 ι
661 1045 724 1102 Vos
738 1041 809 1103 estis
822 1061 917 1119 genus
928 1044 1005 1104 elec·
1050 1093 1053 1097 .

150 1151 226 1214 tum,
240 1141 338 1217 regale
355 1139 565 1216 sacerdotium,
583 1158 657 1218 gens
674 1150 786 1212 sancta,
801 1158 855 1199 vos
872 1141 1002 1217 populus

150 1236 309 1313 peculiaris
322 1236 355 1296 in
371 1248 482 1298 sortem
503 1235 629 1299 Domini
646 1235 821 1314 computati,
836 1255 892 1296 vos
909 1255 1002 1296 sacer·

151 1333 239 1394 dotes
252 1344 283 1394 et
296 1331 422 1394 ministri
436 1333 504 1408 Dei,
518 1333 612 1394 immo
631 1353 685 1394 vos
701 1332 924 1395 antonomatice
937 1332 1003 1410 ipsa

184 1472 206 1551 3¹
216 1503 260 1535 nos
275 1489 299 1536 A
319 1491 328 1546 ll
345 1485 361 1537 8
373 1503 436 1552 gens
449 1494 534 1538 sancta
549 1493 574 1538 ot
583 1489 692 1554 populus
705 1488 877 1554 acquisitionis
892 1465 981 1553 oosJa
992 1491 1002 1545 ΙΙ

153 1576 184 1612 10
193 1564 291 1614 domini
299 1565 329 1615 D
340 1565 419 1628 ipsius
430 1567 459 1615 D
470 1569 480 1623 ΙΙ

183 1687 297 1753 viatoris]
317 1690 334 1716 ‘⁶
345 1690 433 1740 Viator
443 1687 459 1711 ’'
470 1705 521 1739 was
537 1705 553 1740 a
568 1705 686 1740 common
701 1690 832 1740 mediaeval
850 1696 913 1740 term
932 1690 971 1740 for
986 1705 1002 1740 a
1048 1735 1050 1740 .
1094 1715 1097 1721 ·

150 1765 284 1826 Christian,
305 1766 441 1830 especially
459 1765 573 1832 frequent
589 1766 615 1815 in
632 1766 726 1817 Wiclif.
770 1767 795 1816 It
811 1768 882 1818 dates
892 1765 958 1817 back
975 1774 1002 1818 to

151 1843 178 1893 S.
193 1843 350 1906 Augustine:
367 1858 407 1908 cp.
420 1842 560 1904 Sermones,
575 1844 648 1894 clxix.
663 1843 693 1892 18
705 1844 728 1904 (r
743 1843 801 1893 Cor.
816 1844 866 1894 viii.
881 1843 916 1903 2).

182 1935 260 1984 genus
272 1920 389 1982 electum]
406 1921 454 1985 Cp.
471 1933 482 1969 1
496 1922 550 1971 Pet.
563 1921 589 1971 ii.
604 1933 637 1983 9:
656 1919 737 1970 “Vos
751 1928 835 1971 autem
849 1937 927 1986 genus
938 1920 1001 1972 elec·

149 2002 211 2058 tum,
226 1998 308 2062 regale
322 1998 495 2059 sacerdotium,
507 2013 569 2062 gens
579 2005 672 2059 sancta,
686 1999 794 2063 populus
805 1996 1002 2063 acquisitionis‚”

148 2080 197 2124 etc.

181 2151 289 2216 populus
302 2151 443 2216 peculiaris]
461 2152 508 2217 Cp.
522 2153 598 2202 Deut.
611 2152 654 2201 vii.
668 2151 702 2212 63
720 2152 800 2201 Exod.
815 2152 865 2202 xix.
878 2152 903 2202 6.

182 2237 273 2279 sortem
282 2229 397 2291 Domini]
414 2229 486 2279 With
494 2229 618 2279 reference
626 2236 653 2278 to
661 2229 704 2279 the
710 2228 848 2279 derivation
856 2230 886 2280 of
892 2229 1001 2281 clericus.

149 2307 200 2370 Cp.
219 2305 245 2356 S.
259 2305 369 2370 Jerome‚
388 2306 435 2355 Ad
447 2306 622 2370 ll'epotzanum,
642 2307 691 2370 Ep.
711 2318 743 2369 3:
763 2307 874 2371 “Igitur
890 2307 1001 2368 clericus,

148 2383 194 2448 qui
211 2382 306 2433 Christi
321 2382 397 2432 servit
414 2381 551 2443 Ecclesiae,
563 2382 739 2447 interpretetur
755 2382 836 2448 primo
853 2385 1003 2434 vocabulum

149 2476 231 2520 suum,
240 2467 265 2509 et
276 2460 385 2509 nominis
395 2459 542 2510 delinitione
550 2459 648 2525 prolata
659 2460 751 2509 nitatur
762 2475 816 2510 esse
827 2461 894 2526 quod
903 2460 1004 2512 dicitur.

150 2537 180 2588 Si
191 2537 259 2586 enim
269 2537 361 2600 κλῆρος
378 2536 474 2586 Graece
490 2552 543 2586 sors
554 2537 645 2586 Latine
656 2536 805 2600 appellatur,
817 2545 950 2603 propterea
959 2553 1002 2587 vo·

151 2622 240 2664 eantur
254 2613 399 2673 elerici,vel
414 2613 519 2678 quiade
535 2621 601 2663 sorte
618 2621 674 2662 sunt
691 2614 804 2672 Domini,
817 2614 857 2663 vel
874 2613 933 2679 quia
949 2614 1003 2679 ipse

149 2691 276 2740 Dominus
295 2705 355 2750 sors,
377 2690 403 2740 id
421 2697 467 2750 est,
488 2705 546 2755 pars
565 2689 710 2740 clericorum
728 2688 805 2748 est;'’
825 2691 900 2741 Gerv.
922 2692 1003 2752 Tuo..

151 2769 212 2818 Otia
223 2767 375 2833 Imperialia‚
387 2766 484 2832 prolog.
497 2785 504 2817 r
531 2768 549 2794 “
561 2768 617 2817 Rex
627 2767 670 2818 ille
681 2783 792 2817 summus
802 2767 876 2818 simul
887 2775 912 2818 et
923 2784 1003 2820 sacer·

150 2846 198 2895 dos
217 2845 330 2895 Christus
343 2844 479 2894 secundum
497 2844 611 2895 ordinem
629 2844 816 2894 Melchisedech
828 2860 874 2895 suo
890 2846 1003 2898 sacerdo·

150 2924 214 2974 tium
225 2922 380 2972 consecravit
396 2921 510 2986 imperio,
523 2929 615 2972 sortem
632 2937 703 2971 suam
719 2921 747 2970 in
762 2921 829 2973 clero
840 2922 1001 2984 constituens,

151 3000 220 3050 cuius
238 3000 327 3050 merito
346 2998 430 3049 clerici
448 2999 517 3049 velut
535 2999 562 3048 in
579 3006 672 3049 sortem
689 2998 793 3048 Domini
810 2998 893 3049 vocati
908 3014 1002 3051 nuncu·

151 3077 269 3144 pantur.”

183 3151 377 3217 antonomatice]
396 3154 503 3203 Formed
515 3152 579 3204 from
590 3151 760 3218 ἀντονομασία
771 3153 821 3217 (cp.
833 3152 938 3216 Quintil.
948 3154 1000 3205 viii.

150 3231 174 3281 6.
186 3232 238 3293 29),
249 3230 343 3294 though
354 3230 422 3281 often
433 3231 531 3280 written
541 3231 727 3290 antonomatice,
736 3230 786 3279 and
797 3231 922 3296 supposed
934 3238 960 3281 to
966 3233 1003 3282 ·be

151 3307 289 3360 connected
300 3306 361 3358 with
373 3306 524 3372 αὑτονομῶς.
557 3306 681 3359 whether
693 3306 736 3358 the
751 3306 826 3359 latter
836 3307 900 3360 form
912 3308 933 3358 is
944 3323 1003 3373 any·
