2324 3982
445 301 673 353 eremmon
688 301 751 352 XV.
985 310 1030 363 117

175 469 244 543 hus,
265 487 305 529 ne
329 487 362 528 se
388 469 600 546 transfigurans
627 467 659 528 in
683 469 823 544 angelum
850 466 924 528 lucis
952 467 1031 529 dolis

175 565 391 627 circumveniat
437 564 620 627 innocentes,
693 565 804 626 Divina
850 563 937 626 nobis
977 584 1031 643 per

175 663 269 724 libros
289 662 454 725 reverentia
474 664 629 738 revelatur,
650 662 774 723 virtutes
797 661 905 740 quihus
923 662 1031 723 colitur

176 763 369 840 propalantur
392 761 567 841 expressim,
590 773 682 840 atque
704 781 817 822 merces
844 761 1030 835 describitur,

177 880 269 938 quam
283 880 361 938 quae
381 879 439 921 nec
457 860 531 920 fallit
552 880 609 920 nec
623 859 732 920 fallitur
744 859 851 920 veritas
864 859 1028 937 pollicetur.
1044 891 1057 940 ς

126 956 163 1031 96
178 960 284 1036 Imago
303 957 453 1018 simillima
471 959 587 1018 suturae
607 954 800 1018 beatitudinis
819 967 864 1017 est
882 975 1031 1017 sacrarum

176 1053 392 1131 contemplatio
420 1052 592 1128 litterarum,
614 1053 644 1112 in
666 1053 774 1130 quibus
799 1072 880 1112 nunc
907 1054 1032 1114 Creator

177 1172 260 1212 nunc
274 1162 407 1212 creatura
421 1150 611 1230 conspicitur,
624 1171 659 1211 ac
675 1152 713 1211 de
727 1161 858 1211 torrente
870 1161 1031 1228 perpetuae

177 1249 371 1312 iocunditatis
401 1248 542 1311 hauritur.
601 1249 692 1310 Fides
723 1249 866 1309 fundatur
897 1247 1033 1326 potentia

177 1347 361 1424 litterarum3
392 1366 461 1424 spes
485 1347 627 1407 librorum
650 1345 756 1407 solatio
778 1347 976 1420 confirmatur,
998 1355 1032 1405 ut
1047 1377 1076 1413 10

177 1464 233 1523 per
245 1443 422 1523 patientiam
430 1456 461 1505 et
473 1443 713 1504 consolationem
725 1443 935 1520 scripturarum
947 1463 1032 1520 spem

178 1542 353 1603 habeamus.
395 1540 511 1604 Caritas
525 1561 589 1602 non
602 1540 722 1602 inflatur
732 1542 786 1601 sed
797 1539 969 1601 aedificatur
980 1559 1033 1617 per

178 1659 280 1700 veram
288 1638 427 1700 notitiam
437 1638 602 1700 litterarum
606 1660 615 1713 3
630 1638 725 1698 immo
734 1657 823 1714 super
832 1636 922 1698 libros
934 1656 1033 1698 saeros

178 1747 298 1798 constat
311 1738 377 1797 luce
391 1734 497 1797 clarius
512 1735 677 1796 Ecclesiam
692 1735 859 1796 stabilitam.

126 1847 165 1908 97
182 1821 382 1926 sDelectant
389 1833 465 1908 libri,
472 1833 667 1911 prosperitate
675 1832 800 1894 feliciter
806 1831 1034 1907 arridente,con·
1048 1861 1076 1912 ις

180 1933 315 1993 solantur
334 1930 497 2006 individue,
513 1930 615 1991 nubila
635 1933 753 1991 fortuna
771 1941 900 1992 terrente
903 1926 931 2015 s
939 1930 1035 2008 pactis

179 2029 320 2090 humanis
347 2030 439 2089 robur
460 2028 636 2103 attribuunt,
664 2048 723 2090 nec
750 2030 885 2090 feruntur
917 2040 1034 2090 senten·

179 2127 241 2188 tiae
254 2147 358 2205 graves
372 2126 436 2187 sine
449 2126 539 2187 libris.
582 2130 671 2187 Artes
691 2137 721 2187 et
741 2127 883 2188 scientiae
904 2126 935 2187 in
952 2126 1035 2195 libris

180 2225 358 2299 consistunt,
380 2244 507 2302 quarum
528 2224 732 2285 emolumenta
748 2226 831 2284 nulla
851 2244 937 2284 mens
958 2225 1035 2284 suffi-

180 2332 263 2384 ceret
276 2341 420 2383 enarrare.
452 2319 566 2400 Quanti
576 2322 738 2398 pendenda
748 2332 793 2382 est
805 2321 879 2382 mira
892 2321 1033 2382 librorum
1046 2346 1079 2382 ιο

215 2529 229 2583 5
252 2533 361 2583 quaeque
380 2517 420 2582 Ja.
443 2514 486 2580 117
509 2517 696 2581 scrt'pturarum
718 2517 849 2565 literarum
871 2516 898 2564 E
909 2513 920 2578 ΙΙ
934 2514 964 2564 16
987 2532 1033 2565 nu·

181 2598 240 2647 lilia
254 2597 281 2646 B
291 2595 387 2646 nabulo
397 2596 424 2644 E
438 2602 546 2645 torrem
555 2596 594 2659 Ja.
610 2599 619 2653 ΙΙ
634 2607 663 2656 19
678 2610 784 2659 quorum
801 2593 859 2645 edd.
874 2599 884 2653 ll
896 2607 928 2643 20
938 2602 1035 2660 quanta

179 2674 218 2739 Ja
234 2679 244 2734 t

213 2871 242 2907 se
253 2852 440 2918 transfigurans]
456 2853 534 2901 From
544 2862 560 2899 2
572 2851 630 2901 Cor.
644 2850 678 2900 xi.
695 2864 731 2912 14.

213 2948 281 2982 nunc
288 2932 399 2990 Creator,
409 2945 474 2980 nunc
480 2928 601 2989 creatura]
619 2927 666 2992 Cp.
675 2927 756 2977 Wisd.
767 2927 819 2977 xiii.
830 2937 844 2991 5
856 2945 863 2990 3
881 2929 954 2979 Rom.
966 2928 982 2979 i.
993 2937 1032 2992 25.

184 3009 326 3074 According
336 3015 364 3058 to
374 3007 513 3066 Avicenna,
526 3005 569 3055 the
580 3004 717 3069 perlection
732 3004 762 3054 oi
776 3005 819 3055 the
829 3005 937 3056 rational
948 3007 1003 3056 soul
1014 3008 1036 3057 is

184 3095 210 3138 to
226 3089 332 3138 become
349 3085 392 3136 the
408 3085 497 3135 mirror
515 3084 545 3134 of
563 3084 605 3134 the
623 3083 756 3133 universe:
784 3081 881 3145 Renan.
902 3083 1034 3147 Averroes,

183 3172 375 3291 piiiimitatis
385 3237 507 3300 hauritur]
525 3238 573 3302 Cp.
588 3238 662 3287 Prov.
675 3236 743 3286 xviii.
758 3249 797 3288 22.

215 3318 306 3369 caritas
316 3332 368 3368 non
378 3316 488 3379 inflatur]
505 3316 582 3366 From
596 3327 606 3365 1
621 3315 679 3366 Cor.
692 3314 744 3364 xiii.
758 3328 782 3378 4.
