2324 3982
264 307 351 358 lxxxiv
480 311 688 364 INCIPIUNT
707 311 904 365 CAPITULA.

289 509 322 575 9.
352 485 468 579 Quod
499 483 585 560 licet
613 511 728 584 opera
758 501 929 561 veterum
958 483 1119 582 amplius

389 585 609 690 amaremus,
645 627 720 677 non
755 617 881 677 tamen
925 602 1120 676 damnavi-

388 744 472 792 mus
490 719 615 793 studia
629 719 904 793 modernorum.

270 857 322 906 10.
354 835 416 907 De
434 836 649 909 successiva
666 834 895 933 perfectione
910 832 1101 910 librorum.

269 973 324 1021 11.
353 948 482 1042 Quare
515 949 631 1025 libros
669 950 877 1025 liberalium
912 949 1120 1026 litterarum

388 1064 631 1163 praetulimus
648 1064 751 1141 libris
769 1067 869 1142 iuris.

269 1206 322 1254 12.
350 1181 478 1275 Quare
517 1181 632 1258 libros
666 1183 964 1283 grammaticales
1015 1199 1122 1260 tanta

390 1299 583 1399 diligentia
599 1303 812 1377 curavimus
830 1327 1024 1377 renovare.

270 1437 324 1508 13.
354 1416 483 1511 Quare
501 1442 576 1490 non
592 1418 745 1492 omnino
764 1416 998 1517 negleximus
1015 1417 1120 1492 fabu-

388 1530 443 1607 las
461 1547 667 1630 poetarum.

271 1672 323 1740 14.
356 1649 432 1745 Qui
467 1649 648 1724 deberent
676 1675 760 1724 esse
790 1649 969 1723 librorum
1004 1648 1120 1747 potis-

389 1766 473 1839 simi
491 1766 699 1842 dilectores.

270 1905 324 1976 15.
355 1884 458 1979 Quot
481 1886 679 1959 commoda
707 1884 850 1958 confert
877 1909 982 1958 amor
1008 1880 1119 1957 libro-

390 2027 482 2074 rum.

272 2122 326 2190 16.
358 2118 482 2214 Quam
517 2116 746 2192 meritorium
776 2116 827 2190 sit
852 2116 966 2191 libros
1002 2141 1121 2189 novos

389 2233 551 2307 scribere
571 2249 610 2308 et
628 2249 776 2308 veteres
799 2258 992 2307 renovare.

271 2385 326 2459 17.
356 2366 418 2438 De
446 2366 575 2441 debita
598 2367 795 2442 honestate
816 2366 913 2440 circa
941 2365 1121 2439 librorum

390 2484 598 2558 custodiam
615 2485 840 2559 adhibenda.

270 2603 323 2672 18.
355 2599 469 2702 Quod
504 2616 646 2675 tantam
684 2601 866 2675 librorum
900 2597 1124 2696 collegimus

391 2718 536 2814 copiam
564 2719 614 2793 ad
644 2743 881 2792 communem
911 2715 1124 2813 profectum

390 2832 613 2908 scholarium
645 2850 684 2908 et
714 2860 790 2908 non
817 2831 938 2906 solum
962 2833 1012 2905 ad
1037 2858 1123 2928 pro-

390 2951 510 3046 priam
535 2949 778 3048 voluptatem.

300 3137 317 3190 9
329 3123 531 3176 damnamusB
542 3125 584 3193 Ja
597 3125 609 3193 ΙΙ
624 3139 654 3177 12
667 3140 801 3177 curamus
809 3124 837 3175 B
849 3140 987 3178 renovare
999 3141 1055 3179 om.
1069 3127 1100 3179 E
1114 3127 1124 3191 ΙΙ

268 3223 299 3276 13
317 3209 520 3279 neglexerimus
535 3212 577 3280 Ja.
589 3212 740 3280 poetarum
756 3226 893 3264 renovare
904 3211 934 3263 E
948 3211 959 3276 ΙΙ
976 3224 1009 3276 14
1025 3211 1124 3267 debent

266 3297 292 3349 A
303 3296 330 3348 Β
336 3297 482 3365 potzssime
493 3297 535 3366 Ja
551 3297 561 3362 ll
579 3297 610 3350 18
629 3297 806 3352 voluntatem
824 3297 851 3350 A
866 3298 909 3366 Ja
926 3298 937 3362 [l
