2324 3982
425 269 649 323 curtracum
674 271 734 322 Vn.
973 273 1006 338 ⁶³

149 438 278 500 millium
296 437 441 517 praelium
459 441 624 502 decennale
637 439 802 502 Troianum
816 441 854 502 ab
868 442 1006 505 hacluce

149 534 314 596 transmisit
327 540 334 596 l
362 537 445 613 Quot
459 555 512 614 per
520 535 699 612 Antonium,
707 536 809 597 Tullio
822 536 882 598 iam
894 537 1003 614 occiso,

148 644 339 695 externarum
352 631 572 710 provinciarum
585 635 712 695 latebras
726 632 880 696 adierunt!
922 636 1004 712 Quot

149 731 192 791 de
218 728 306 792 nobis
332 749 386 808 per
409 729 642 807 Theodoricum,
668 732 808 793 exulante
830 730 946 806 Boetio,
971 732 1004 794 in

149 824 269 887 diversa
282 825 388 888 mundi
401 825 531 901 climata,
544 826 620 888 sicut
634 846 706 889 oves
719 838 838 905 pastore
852 847 1003 906 percusso,
1018 859 1031 908 ς

149 933 221 983 sunt
234 921 361 1001 dispersi
374 926 381 983 l
422 924 504 1000 Quot
518 926 632 984 Seneca
645 926 860 986 succumbente
874 926 1004 989 Neronis

150 1017 292 1095 malitiae,
318 1039 389 1080 cum
409 1030 440 1081 et
466 1021 570 1083 volens
598 1030 629 1082 et
649 1022 756 1083 nolens
779 1033 879 1099 portas
900 1023 1004 1084 mortis

150 1114 254 1190 adiret,
275 1118 373 1177 abeo
399 1114 486 1178 divisi
513 1117 736 1179 retrocessimus
759 1117 946 1180 lacrimantes
973 1131 1003 1182 et

149 1211 184 1273 in
217 1212 326 1290 quibus
360 1213 493 1291 partibus
521 1213 665 1292 hospitari
696 1234 854 1292 possemus
883 1215 1004 1294 penitus

149 1307 338 1388 ignorantes!
1018 1343 1048 1380 ιο

104 1435 112 1475 ι
117 1434 138 1489 4
149 1444 160 1465 ,-
192 1405 277 1467 Felix
286 1405 340 1467 suit
353 1405 405 1467 illa
416 1405 559 1468 librorum
573 1407 734 1482 translatio,
747 1427 838 1485 quam
852 1407 884 1469 in
898 1410 1003 1471 Persas

150 1501 191 1565 de
204 1502 331 1564 Athenis
345 1505 460 1565 Xerxes
478 1502 584 1565 fecisse
603 1504 788 1580 describitur,
807 1524 884 1582 quos
904 1524 1004 1566 rursus

149 1599 191 1663 de
213 1598 310 1661 Persis
332 1599 364 1660 in
383 1600 519 1661 Athenas
541 1601 681 1663 Seleucus
708 1601 832 1663 reduxit
873 1603 902 1665 Ο
924 1613 1004 1680 post-

149 1695 301 1758 liminium
340 1697 525 1775 gratiosuml
560 1700 589 1761 O
629 1698 704 1759 mira
738 1699 869 1761 laetitia!
911 1719 1003 1778 quam

150 1805 224 1855 tunc
244 1813 380 1856 cerneres
395 1794 426 1854 in
445 1795 582 1871 Athenis,
600 1815 670 1855 curn
691 1796 767 1873 proli
787 1816 857 1859 suae
877 1797 1003 1876 genitrix
1018 1826 1047 1877 ις

150 1890 286 1953 obviaret
306 1891 473 1970 tripudians
494 1893 708 1970 matricemque
723 1894 888 1954 tlralamum
902 1913 1002 1956 senes·

150 1987 232 2050 centi
245 1988 305 2048 iam
316 1989 414 2051 soboli
425 1991 527 2051 denuo
542 1991 765 2051 demonstraret.
798 1990 1003 2069 Reassignatis

150 2085 289 2164 hospitiis
316 2087 466 2149 veteribus
496 2086 658 2165 inquilinis,
693 2108 764 2149 mox
792 2090 926 2151 tabulata
953 2109 1002 2151 ce·

184 2271 198 2324 7
207 2262 309 2312 malitia
319 2263 348 2312 D
356 2262 439 2313 nalem
449 2269 473 2312 et
482 2262 564 2312 volens
571 2262 629 2314 edd.
639 2266 648 2321 ΙΙ
662 2275 691 2328 13
706 2263 856 2328 Ogaudium
861 2265 1003 2329 graciomm

149 2339 209 2390 edd.
225 2340 408 2403 postliminium
423 2341 534 2389 salutare
549 2346 571 2388 et
583 2341 722 2403 gratiosum
737 2341 776 2404 Ja.
794 2344 804 2398 l
824 2341 853 2391 16
871 2342 1004 2407 matntqus

150 2416 208 2468 edd.
223 2416 408 2466 denromtrasset
418 2416 447 2465 D
457 2416 495 2465 M
498 2416 538 2481 Ja.
552 2416 685 2481 resignatis
695 2417 733 2466 M
736 2418 775 2482 Ja.
791 2422 801 2475 ΙΙ

184 2579 248 2631 sicut
258 2579 329 2642 oves]
345 2580 394 2646 Cp.
408 2580 498 2631 Erech
513 2581 596 2632 xxxiv.
610 2589 644 2644 53
666 2581 742 2633 Zach.
757 2582 807 2633 xiii.
821 2591 844 2646 7.

183 2666 269 2722 portas
279 2656 378 2719 mortis]
396 2659 471 2707 From
483 2659 523 2708 Ps.
535 2659 582 2708 cvi.
599 2658 636 2708 1&

184 2734 304 2785 librorum
312 2734 451 2797 translatio]
466 2735 530 2784 This
539 2735 559 2784 is
566 2735 718 2802 awkwardly
725 2736 866 2801 expressed,
874 2752 902 2788 as
908 2736 1004 2803 though

149 2813 194 2864 the
205 2813 299 2879 felicity
309 2813 339 2864 ol
346 2814 390 2864 the
399 2812 574 2864 ‘translation’
586 2829 637 2863 was
648 2814 675 2864 in
686 2813 729 2863 the
740 2814 854 2878 carrying
864 2830 943 2878 away,
953 2815 1005 2865 and

149 2897 196 2942 not
207 2891 234 2940 in
241 2891 284 2941 the
295 2899 386 2943 return.
419 2891 476 2942 The
486 2897 555 2956 story
565 2891 586 2940 is
597 2890 673 2941 taken
684 2890 748 2941 from
759 2891 791 2942 Α.
806 2891 910 2952 Gelliam,
920 2892 1003 2967 NA,

150 2969 185 3019 ri.
200 2977 240 3029 17,
254 2979 275 3020 1.

183 3041 375 3109 postliminium]
392 3042 418 3093 A
428 3043 551 3094 technical
563 3050 626 3093 term
634 3043 665 3094 ol
678 3044 777 3093 Roman
789 3045 846 3106 law,
859 3045 942 3095 which
954 3045 1004 3096 Co·

149 3121 231 3174 theris
247 3137 353 3187 appears
364 3128 391 3172 to
402 3121 466 3171 hare
477 3120 555 3171 found
566 3137 595 3172 so
605 3121 796 3184 unintelligible,
810 3122 865 3172 that
881 3123 914 3173 he
929 3123 1004 3174 could

149 3205 196 3250 not
206 3214 270 3249 eren
281 3199 341 3249 read
352 3199 371 3248 it
383 3198 410 3248 in
420 3199 460 3248 his
472 3199 562 3260 Mss,
574 3199 619 3250 hut
632 3199 712 3264 prints
725 3199 744 3248 it
761 3214 789 3250 as
799 3206 858 3265 post
872 3199 1002 3250 liminum.

150 3276 208 3328 The
220 3277 297 3329 MSS.
311 3291 353 3327 are
365 3277 434 3342 quite
444 3275 518 3328 clear.
