2324 3982
242 297 260 348 4
540 283 803 339 PHILOBIBLON

241 449 382 510 lucernae
392 467 455 511 non
468 459 618 527 ponantur
628 449 685 510 sub
699 448 813 524 modio,
823 448 878 515 ned
891 467 963 527 prae
975 448 1100 511 delectu

242 544 303 608 olei
316 545 435 623 penitus
449 545 680 625 exstinguentis.
710 545 760 609 Sic
773 565 845 624 ager
857 545 889 609 in
897 563 968 611 vere
981 545 1101 624 floriger

242 653 312 705 ante
326 662 456 705 messem
468 643 591 718 exaruit,
601 642 645 705 sic
653 644 802 707 nummo
814 642 848 707 in
856 642 974 707 lollium
982 651 1014 704 et
1022 641 1100 705 vitea

242 741 426 819 degenerant
446 740 479 801 in
498 741 657 817 labruscas,
671 760 708 804 ac
726 740 771 805 sic
782 738 815 802 in
832 741 977 803 oleastros
997 739 1098 805 olivae

242 836 414 900 silvescunt.
427 837 882 904 Marcescuntomninotenellec
890 839 1060 906 trabeculae
1066 848 1098 903 et
1111 855 1124 906 5

242 934 334 1014 quiin
344 937 599 999 sortescolumnas
608 935 763 1001 Ecclesiae
773 945 912 1019 poternm
921 933 1098 1007 excrevisse,

242 1032 359 1095 subtilis
379 1033 490 1111 ingenii
509 1031 678 1111 capacitate
702 1033 807 1108 dotati,
829 1031 998 1099 studiorum
1015 1052 1098 1111 gyne

212 1144 228 1204 7
243 1129 327 1190 nasia
340 1129 557 1207 derelinquunt
600 1130 671 1191 Sola
684 1127 786 1192 inedia
799 1138 990 1203 novercante,
1003 1129 1098 1206 repel-

242 1228 343 1286 luntur
364 1246 382 1287 a
405 1225 613 1304 philosophiae
637 1236 779 1291 nectareo
801 1227 914 1305 poculo
938 1224 1096 1302 violenter,

242 1343 333 1402 quam
367 1322 465 1401 primo
495 1321 688 1402 gustaverint,
714 1322 782 1400 ipso
814 1333 904 1402 gustu
936 1322 1098 1388 ferventius
1113 1354 1142 1389 ιο

241 1420 406 1482 sitibundi:
428 1420 601 1482 liberalibus
621 1421 734 1483 artibus
751 1420 869 1482 habiles
890 1431 922 1483 et
944 1419 1097 1499 scripturis

242 1529 361 1580 tantum
378 1517 516 1596 dispositi
532 1517 783 1596 contemplandis,
801 1517 898 1579 orbati
916 1516 1098 1579 necessario

242 1634 309 1676 rum
330 1615 479 1690 subsidiis,
497 1614 583 1692 quasi
601 1616 731 1692 quadam
748 1613 916 1692 apostasiae
935 1613 1035 1693 specie
1055 1616 1098 1676 ad

243 1722 322 1774 artes
335 1711 534 1788 mechanicas,
547 1723 670 1791 propter
682 1710 780 1773 victus
794 1711 887 1772 solius
901 1710 1042 1790 suffragia
1055 1713 1097 1774 ad

244 1806 398 1868 Ecclesiae
422 1805 614 1884 dispendium
639 1816 669 1868 et
690 1804 783 1870 totius
806 1804 879 1882 cleri
899 1803 1098 1882 vilipendium
1113 1835 1140 1885 ις

211 1909 436 1968 8revertuntur.
489 1903 539 1966 Sic
568 1914 664 1967 mater
687 1901 823 1965 Ecclesia
849 1900 995 1980 pariendo
1017 1901 1097 1963 lilios

278 2123 289 2159 r
308 2127 376 2160 num
389 2111 548 2173 Cponuntur
557 2107 630 2160 codd.
639 2114 774 2174 ponantur
784 2107 825 2172 Ja.
838 2115 887 2172 pro
902 2108 942 2173 Ja.
952 2112 987 2166 lle
1003 2110 1097 2158 astin-

240 2196 360 2254 μαπέειν
365 2188 438 2238 codd.
445 2187 683 2252 exshhgvanturJa
694 2190 703 2244 ΙΙ
713 2191 915 2251 rogmtavemnt
920 2185 1097 2252 eddgustave-

245 2262 578 2330 rantJa.srequentiu5D[l
1060 2265 1067 2315 ’,

275 2459 326 2493 non
348 2441 483 2508 ponantur]
506 2440 625 2493 Cocheris
643 2440 762 2506 ebenrdly
779 2456 836 2506 says
853 2441 908 2492 that
930 2440 975 2492 the
993 2441 1098 2506 reading

244 2540 312 2574 nunc
325 2525 388 2573 “est
398 2523 424 2571 la
434 2522 502 2573 seule
517 2518 689 2571 admissible.''
722 2521 779 2570 The
795 2520 919 2571 reference
935 2521 998 2571 isos
1009 2537 1098 2572 course

243 2610 270 2652 to
283 2602 355 2650 Matt.
369 2616 392 2650 v.
410 2609 447 2663 15.
1090 2611 1097 2636 s

275 2677 412 2738 labruscas]
428 2677 475 2741 Cp.
487 2676 521 2726 ls.
532 2692 556 2725 v.
566 2687 590 2736 a,
604 2674 784 2740 “exspectavit
794 2681 822 2725 nt
833 2673 924 2731 laceret
935 2690 997 2726 uvas
1005 2681 1030 2725 et
1040 2674 1098 2726 fecit

243 2752 395 2806 labruscas.”

276 2830 405 2892 oleastros]
423 2830 468 2894 Cp
484 2829 559 2880 Rom.
572 2828 605 2882 xi.
620 2839 660 2891 24.

277 2917 392 2960 nectareo
403 2905 506 2972 poculo]
523 2907 570 2973 Cp.
586 2906 630 2956 the
640 2907 681 2955 Dc
690 2905 823 2970 disciplina
835 2905 1000 2967 διὶοὶανίκηι,
1013 2921 1036 2957 e.
1050 2907 1074 2956 li.
1091 2925 1098 2956 ε

248 2987 357 3037 ‘Multos
368 2993 451 3036 autem
460 2992 525 3034 artes
536 2983 676 3034 mendicare
687 2983 867 3048 prospeximus,
876 2983 951 3034 nullis
961 2983 999 3034 eis
1007 2984 1099 3049 pocula

245 3063 419 3132 philosophiae
435 3059 697 3129 administrantibus’3
713 3075 735 3110 c.
750 3076 773 3110 v.
787 3077 793 3110 r
815 3061 822 3087 ⁶
834 3059 940 3110 Nullum
954 3075 1014 3116 vero
1023 3061 1098 3111 velie

245 3149 342 3193 menter
367 3141 513 3190 obtusorum
538 3137 647 3188 vidimus
667 3152 779 3203 unquam
800 3136 977 3202 philosophico
997 3145 1099 3188 nectare

245 3220 405 3270 vehementer
420 3214 556 3266 inebriari'
589 3216 640 3266 For
656 3214 704 3266 tbe-
715 3215 759 3265 De
771 3214 914 3280 dt'sce‘ple'na,
930 3229 973 3266 see
988 3220 1049 3265 note
1064 3230 1099 3266 on

246 3298 284 3348 ch.
299 3295 350 3346 xiii.
364 3310 384 3345 s.
400 3293 453 3345 182.
