2324 3982
231 281 265 344 64
527 278 792 331 PHILOBIBLON

231 448 318 510 drina
343 465 413 507 cum
440 444 527 525 lignis
554 456 584 507 et
613 443 746 507 trabibus
774 443 909 524 levigatis
935 445 1092 524 aptissime

231 545 479 623 complanantur3
506 561 581 603 auro
615 552 645 603 et
673 543 764 603 ebore
794 543 1011 621 epigrammata
1040 546 1090 605 de

232 641 385 720 signantur
402 639 559 701 camerulis
576 638 708 718 singulis,
727 638 838 717 quibus
855 639 922 718 ipsa
934 642 1091 702 volumina

232 748 400 799 reverenter
412 735 494 797 illata
513 734 689 797 suavissime
707 737 895 797 collocantur
912 736 964 812 sic,
980 750 1014 799 ut
1028 741 1092 799 nul·

232 835 297 897 lum
309 833 430 896 alterius
448 832 614 911 ingressum
632 831 779 910 impediat
798 835 847 894 vel
864 834 1116 916 propinquitate5

232 930 327 993 nimia
340 934 459 992 tranem
473 931 581 992 laedat

161 1046 217 1110 ¹¹5
275 1030 435 1091 Caeterum
469 1027 587 1088 infinita
624 1037 693 1088 sunt
734 1024 894 1105 dispendis
926 1047 1006 1106 quae
1037 1049 1092 1108 per

232 1125 395 1188 seditiones
422 1125 568 1186 bellorum
596 1123 739 1185 librorum
766 1124 868 1202 generi
898 1136 968 1186 sunt
996 1128 1086 1188 illata.

232 1226 274 1286 Et
297 1222 443 1302 quoniam
470 1221 587 1283 infinita
614 1223 785 1282 nullatenus
811 1222 990 1300 pertransire
1017 1244 1090 1286 con·

231 1319 326 1399 tingit,
341 1319 391 1380 hic
405 1328 571 1380 statuemus
591 1317 718 1379 finaliter
738 1319 946 1395 querimoniae
966 1332 1089 1383 nostrae
1103 1346 1132 1383 ro

232 1418 343 1491 Gades,
358 1427 389 1477 et
410 1417 449 1477 ad
467 1435 572 1494 preoes
586 1435 604 1476 a
618 1415 729 1493 quibus
743 1415 910 1492 incepimus
923 1417 1088 1495 regiramus

231 1514 374 1586 habenas,
393 1522 532 1591 rogantes
553 1510 726 1588 suppliciter
739 1523 773 1572 ut
794 1524 892 1574 rector
906 1514 1032 1593 Olympi
1051 1535 1088 1576 ac

232 1610 338 1672 mundi
362 1609 454 1670 totius
475 1609 663 1686 dispensator
680 1608 842 1670 altissimus
863 1612 961 1673 firmet
978 1631 1088 1690 pacem

232 1719 263 1768 et
284 1708 364 1768 bella
390 1717 543 1768 removeat
564 1726 600 1768 ac
626 1717 764 1785 tempora
785 1707 874 1769 faeiat
894 1727 950 1769 sua
972 1721 1089 1788 protec-

231 1803 314 1866 tione
329 1803 498 1881 tranquilla.
1103 1831 1130 1881 ¹5

264 1983 280 2036 3
293 1971 399 2036 singrdrl
415 1988 465 2021 om.
478 1972 535 2022 edd.
550 1977 587 2033 ll7
604 1979 708 2022 cetemm
725 1972 823 2038 quidem
840 1972 898 2024 edd.
912 1977 922 2032 ΙΙ
935 1971 950 2023 8
962 1973 1088 2024 librorum

231 2065 281 2099 om.
293 2050 321 2097 E
332 2053 342 2106 ΙΙ
352 2049 443 2113 quippe
457 2055 519 2098 runt
532 2061 542 2098 1
560 2057 622 2099 sunt
637 2066 687 2098 om.
702 2049 780 2099 Coch·
796 2054 834 2111 lo
850 2051 970 2115 quoniam
985 2053 1086 2116 qusir'cm

232 2126 289 2176 edd.
303 2126 407 2189 contegit
417 2127 441 2174 A
455 2130 465 2184 ΙΙ
479 2138 506 2175 11
515 2127 610 2190 gaudes
620 2126 646 2175 B
664 2141 681 2175 a
692 2142 741 2176 om.
756 2126 813 2176 edd.
828 2131 838 2184 ΙΙ

262 2292 374 2342 tabulata
385 2291 496 2354 cedrina]
515 2293 590 2342 From
605 2304 615 2341 1
630 2292 719 2358 Kings,
734 2292 767 2343 vi.
784 2300 822 2356 15.

262 2369 338 2435 lignis
349 2368 474 2434 levigatis]
494 2371 569 2419 From
581 2370 646 2426 Gen.
657 2370 689 2419 vi.
708 2382 745 2432 14.

262 2448 540 2515 pmpinquitatenimia]
553 2449 583 2498 In
591 2448 634 2498 the
642 2454 745 2498 statules
753 2447 783 2498 oi
788 2448 814 2499 S.
823 2448 919 2507 Victor,
926 2448 946 2497 it
951 2448 1088 2500 isdirected

231 2525 285 2576 that
296 2527 340 2576 the
350 2525 431 2575 books
442 2526 469 2574 in
479 2525 522 2575 the
533 2525 625 2589 library
635 2525 725 2575 should
741 2525 774 2575 be
785 2525 906 2589 arranged
921 2526 980 2575 “ne
992 2527 1033 2576 vel
1049 2527 1087 2575 ni·

230 2603 282 2652 mia
292 2603 444 2668 compressio
457 2602 518 2667 ipsis
532 2602 603 2652 libris
617 2609 723 2653 noceat:
733 2600 749 2624 ”
765 2603 887 2662 Marteue,
903 2603 944 2652 De
956 2610 1008 2654 ant.
1023 2605 1083 2655 eccl.

231 2680 294 2740 ritt,
308 2680 343 2730 iii.
359 2690 415 2742 733.

264 2755 358 2817 Gades]
375 2756 438 2804 This
449 2753 527 2814 word,
540 2752 672 2818 originally
681 2753 745 2803 from
756 2754 799 2803 the
811 2755 890 2804 Punic
898 2754 969 2804 word
976 2755 1060 2819 gadir,
1071 2771 1087 2804 a

230 2832 369 2896 boundary‚
392 2833 413 2881 is
435 2829 542 2880 familiar
561 2831 587 2879 in
610 2830 723 2880 classica]
742 2831 817 2880 Latin
834 2847 861 2880 as
878 2831 921 2880 the
937 2847 1012 2882 name
1029 2833 1087 2883 ola

232 2910 384 2960 Phoenician
395 2907 484 2973 colony
494 2924 527 2958 on
538 2908 581 2957 the
592 2908 639 2958 site
649 2908 679 2958 of
687 2909 729 2958 the
740 2909 845 2959 modern
857 2910 941 2960 Cadiz.
978 2911 1018 2974 By
1026 2927 1042 2960 a
1050 2927 1086 2961 re·

230 2987 329 3036 version
340 2993 367 3036 to
378 2987 410 3036 its
421 2985 526 3049 original
537 3001 615 3044 sense,
630 2986 649 3035 it
658 3002 709 3035 was
720 2987 781 3036 used
790 2987 816 3035 in
823 2987 953 3036 mediaeval
963 2988 1087 3037 Latinior

230 3079 247 3112 a
257 3063 326 3113 ience
337 3079 366 3112 or
376 3062 516 3126 boundary,
529 3063 559 3112 oi
566 3062 648 3111 which
660 3078 700 3113 see
712 3079 844 3113 numerous
855 3064 979 3114 instances
990 3065 1017 3112 in
1032 3065 1085 3113 Du-

230 3156 316 3204 cange.
352 3141 400 3206 Cp.
413 3140 665 3204 GeoffreyVinesauf,
679 3141 706 3189 in
717 3141 760 3190 the
770 3141 894 3205 Epilogus
902 3147 929 3190 to
937 3141 977 3191 his
986 3143 1087 3192 Poetn'a

229 3217 320 3267 Nova:
339 3219 357 3244 “
365 3218 420 3266 Iam
431 3233 500 3266 mare
510 3216 651 3276 transcurri,
667 3217 751 3266 Gades
762 3217 884 3267 inlittore
894 3215 965 3268 fim’·
1131 3229 1133 3232 ’

262 3300 343 3344 rector
354 3293 469 3358 Olympi]
486 3295 562 3343 From
574 3293 650 3354 ovid,
664 3294 726 3344 Met.
736 3293 770 3345 ix.
784 3293 842 3357 498.
