2324 3982
217 322 263 362 102
511 312 774 364 PHILOBIBLON

973 418 1073 425 ——..

214 477 364 557 redarguit
387 477 586 557 Hippodami‚
601 498 679 556 quae
694 497 837 539 novamm
852 480 953 557 legum
965 478 1073 542 inven-

215 575 329 636 toribus
343 576 475 654 praemia
488 576 652 654 pollicetur,
669 574 739 652 quia
751 577 833 655 leges
845 585 963 638 veteres
984 578 1073 638 abro-

215 691 285 750 gare
305 684 336 733 et
356 674 489 734 novellas
511 683 640 734 statuere
660 683 706 733 est
723 672 862 750 ipsomm,
884 692 962 750 quae
983 675 1071 749 fiunt,

216 768 410 832 valitudinem
429 770 586 831 infirmare.
630 772 717 847 Quae
732 769 812 832 enim
833 772 897 831 sola
910 781 1073 832 consuetu·

217 866 288 928 dine
308 867 501 929 stabilitatem
522 867 682 947 accipiunt,
703 870 779 930 haec
800 887 924 930 necesse
950 879 997 930 est
1017 870 1071 930 de·
1088 891 1100 940 5

216 962 374 1025 suetudine
387 964 569 1026 dirimantur.

147 1075 203 1135 174
257 1065 303 1122 Ex
318 1063 427 1140 quibus
444 1062 562 1140 liquido
575 1061 646 1124 satis
661 1074 779 1124 constat
793 1063 886 1141 quod,
898 1062 977 1124 sicut
990 1065 1073 1142 leges

215 1180 272 1222 nec
285 1173 362 1222 artes
375 1172 444 1222 sunt
454 1181 511 1222 nec
526 1160 677 1235 scientiae,
690 1161 733 1222 sic
744 1181 801 1223 nec
809 1160 877 1222 libri
889 1163 990 1240 legum
1004 1160 1073 1223 libri

215 1257 407 1320 scientiarum
422 1261 469 1321 vel
488 1258 595 1319 artium
614 1259 734 1338 proprie
747 1258 807 1320 dici
826 1269 961 1337 possunt.
1005 1261 1073 1320 Nec

216 1367 262 1418 est
279 1357 355 1417 haec
376 1359 501 1417 facultas
521 1355 600 1418 inter
616 1355 756 1418 scientias
770 1357 963 1431 recensenda,
978 1375 1073 1434 quam
1089 1375 1117 1409 ιο

214 1454 285 1516 licet
311 1454 477 1534 geologiam
511 1454 702 1533 appropriato
728 1455 877 1516 vocabulo
904 1454 1071 1517 nominare

217 1552 300 1615 Libri
324 1572 396 1614 vero
423 1551 591 1614 liberalium
617 1551 780 1612 litteramm
801 1563 863 1613 tam
887 1552 975 1613 utiles
1003 1562 1074 1613 sunt

216 1650 378 1728 scripturae
404 1649 531 1724 divinae,
560 1650 644 1726 quod
671 1648 735 1711 sine
769 1649 901 1728 ipsomm
936 1648 1073 1711 subsidio

218 1749 323 1808 frustra
336 1748 375 1809 ad
390 1745 483 1825 ipsius
497 1745 634 1808 notitiam
649 1745 817 1808 intellectus
831 1746 948 1825 aspiret

250 1920 265 1972 3
282 1914 343 1957 sunt
359 1907 416 1956 edd.
438 1911 474 1970 115
491 1914 527 1956 est
545 1912 576 1955 ut
591 1905 618 1955 E
636 1921 684 1956 sec.
703 1921 787 1965 mauu,
805 1905 845 1970 Ja„
857 1909 867 1964 ll
879 1905 895 1955 6
908 1905 1075 1956 dimittantur

216 1987 256 2051 Ja.
271 1990 280 2043 ΙΙ
292 1998 308 2046 9
314 1985 417 2049 proprie
429 2000 479 2033 om.
493 1985 520 2032 E
532 1989 541 2041 ll
556 1996 582 2032 11
596 1984 749 2047 repropriato
759 1983 788 2032 D
799 1988 808 2041 ΙΙ

217 2153 350 2219 affirmare,
368 2150 450 2200 which
468 2150 488 2199 is
506 2150 613 2214 rejected
630 2150 656 2198 in
673 2150 715 2199 the
731 2149 858 2209 lexicons3
875 2165 924 2210 see,
943 2150 1071 2211 however,

218 2232 259 2281 De
269 2229 334 2280 Vit's
346 2227 487 2278 Forcellini.

252 2305 421 2372 Hippodami]
439 2305 493 2355 Pol.
508 2305 533 2355 ii.
548 2305 573 2365 8,
587 2318 636 2368 24:
654 2305 683 2356 τὸ
699 2302 791 2370 ῥᾳδίως
801 2303 972 2369 μεταβάλλειν
983 2304 1010 2354 ἐκ
1021 2309 1074 2355 τῶν

218 2385 383 2450 ὑπαρχόντων
398 2383 482 2448 νόμων
496 2383 532 2442 εἰς
548 2382 645 2447 ἑτέρους
655 2383 755 2447 νόμους
771 2385 870 2441 καινοὺς
887 2381 979 2442 ἀσθενῆ
991 2387 1075 2433 ποιεῖν

219 2463 270 2514 ἐστὶ
282 2464 328 2522 τὴν
344 2463 387 2512 τοῦ
400 2461 478 2525 νόμον
490 2460 601 2526 δύναμιν.
648 2460 750 2511 Holkot
761 2460 814 2510 also
824 2460 901 2510 refers
915 2467 943 2509 to
954 2460 1004 2509 this
1016 2477 1073 2525 pas·

219 2557 285 2607 sage,
301 2541 381 2604 Super
394 2539 465 2603 Sap„
478 2537 496 2588 f.
510 2550 566 2600 310,
580 2554 614 2602 sq.

251 2616 379 2683 geologia]
395 2616 420 2665 A
434 2616 532 2667 curious
549 2615 712 2680 anticipation
725 2614 754 2665 os
767 2614 817 2664 this
832 2615 936 2664 modern
953 2615 1033 2676 word,
1047 2615 1078 2665 of
1084 2646 1089 2652 -

220 2712 307 2748 course
318 2697 344 2744 in
356 2711 371 2745 a
382 2709 441 2759 very
452 2693 566 2744 different
578 2693 628 2743 and
639 2692 733 2757 merely
745 2691 926 2758 metaphorical
937 2707 1018 2743 sense.
