2324 3982
487 290 714 344 crrrruwrr
736 292 780 344 W.
1027 306 1061 358 49

206 458 432 538 comprehendi,
447 460 524 522 sicut
536 470 656 522 sanctus
670 461 775 523 asserit
787 461 982 541 Augustinus.
1012 464 1061 524 De

207 557 267 616 hac
280 555 362 618 mille
382 557 503 618 moralis
524 557 700 636 disciplinae
721 558 883 620 sententias
904 560 1061 620 enucleare

206 652 317 730 poterit
350 652 403 731 qui
435 653 570 732 indulget
603 654 730 729 assidue,
759 654 784 715 si
817 665 918 716 tamen
948 655 1059 715 ostium

204 748 320 826 aperire
336 750 476 828 dignetur
491 752 556 826 Ille,
570 750 622 828 qui
633 750 770 820 condidit
784 750 917 830 spiritum
932 750 1060 830 pietatis,

190 864 285 922 -quae
299 857 329 907 et
342 846 546 907 recentissima
563 846 696 909 novitate
714 849 871 926 pollebunt
890 859 921 909 et
939 848 1087 929 sapidis-5

203 940 281 1003 sima
301 943 447 1005 suavitate
463 944 632 1005 auditorum
647 943 858 1022 intelligentias
871 947 1056 1007 refovebant.

149 1061 190 1119 90
202 1039 409 1116 Quamobrem
441 1041 622 1118 paupertatis
654 1041 844 1119 evangelicae
875 1043 1057 1119 professores

202 1134 343 1213 primarii,
363 1147 433 1214 post
454 1146 608 1214 utcunque
628 1138 770 1198 salutatas
795 1137 934 1199 scientias
954 1157 1057 1199 saecu·

202 1232 288 1305 lares,
317 1242 383 1294 toto
405 1232 514 1293 mentis
541 1231 663 1311 ingenio
696 1235 866 1309 recollecto,
900 1233 991 1295 huius
1025 1254 1057 1295 se

200 1326 366 1405 scripturae
386 1328 752 1406 laboribusdevoverunt,
778 1340 869 1392 nocte
889 1329 1001 1407 dieque
1025 1329 1101 1396 iuro

203 1425 269 1502 lege
286 1424 410 1485 Domini
430 1425 618 1487 meditantes
661 1425 816 1504 Quicquid
829 1445 901 1488 vero
918 1437 1057 1503 poterant

203 1539 223 1580 a
240 1522 423 1583 famescente
444 1533 548 1583 ventre
568 1522 667 1597 furari,
689 1524 737 1584 vel
759 1523 878 1601 corpori
898 1523 1057 1584 semitecto

202 1617 356 1696 surripere,
372 1618 447 1679 illud
460 1620 576 1680 lucrum
594 1619 790 1698 praecipuum
810 1619 994 1694 arbitrantes,
1008 1622 1056 1682 vel

234 1834 250 1872 a
266 1822 379 1872 narratis
393 1822 421 1872 Ε
431 1827 468 1888 113
484 1828 540 1872 tum
554 1823 594 1888 Ja.
609 1827 619 1882 ll
632 1824 840 1889 §sapientissima
852 1823 931 1875 Coch·
944 1827 955 1882 l
968 1831 1054 1888 ipw-

196 1899 304 1964 pertatis
314 1915 364 1949 om.
378 1899 406 1949 Ε
416 1904 426 1958 ΙΙ
437 1899 454 1950 8
465 1906 600 1978 utrumque
609 1900 666 1952 edd.
682 1905 691 1959 ΙΙ
705 1912 736 1951 10
745 1900 898 1951 devenerunt
907 1896 965 1951 edd.
980 1905 990 1959 ll

234 2062 322 2112 asserit
332 2061 499 2127 Augustinus]
515 2063 571 2112 The
582 2061 708 2112 reference
720 2061 741 2110 is
752 2066 805 2122 not,
818 2077 846 2112 as
858 2061 936 2113 Coch.
950 2078 1013 2126 says,
1028 2071 1055 2112 to

200 2138 245 2188 the
257 2138 330 2190 Conf.
345 2138 386 2188 xii.
404 2151 442 2200 14,
455 2139 501 2188 but
512 2138 596 2188 rather
607 2145 634 2188 to
646 2139 712 2203 Epp.
727 2138 832 2188 cxxxvii.
850 2151 870 2198 1,
886 2150 900 2202 3
911 2157 918 2189 r
945 2140 1055 2188 “Tanta

200 2223 239 2266 est
260 2216 328 2266 enim
350 2216 547 2268 Christianarum
569 2215 727 2280 profunditas
748 2215 895 2276 litterarum,
920 2223 947 2266 ut
969 2215 996 2265 in
1017 2217 1054 2266 eis

200 2292 313 2357 quotidie
324 2293 480 2358 proficerem,
493 2293 514 2342 si
526 2308 568 2342 eas
579 2293 646 2342 solas
656 2292 689 2341 ab
701 2292 803 2341 ineunte
814 2290 920 2357 pueritia
931 2308 1009 2356 usque
1020 2293 1054 2342 ud

198 2370 352 2434 decrepitam
367 2377 520 2420 senectutem
536 2370 646 2419 maximo
658 2368 717 2429 otio,
732 2383 830 2419 summo
840 2369 936 2429 studio,
949 2369 1053 2419 meliore

198 2448 301 2513 ingenio
312 2464 415 2499 conarer
425 2449 562 2498 addiscere.
568 2446 583 2470 ’'

232 2526 350 2576 salutatas
366 2526 493 2586 scientias]
511 2526 559 2590 Cp.
577 2526 620 2575 the
637 2523 807 2575 constitution
823 2524 851 2574 of
863 2525 908 2575 the
922 2526 1052 2574 Praedica-

197 2609 269 2665 tms,
280 2603 305 2654 ii.
318 2616 363 2666 14:
384 2604 442 2653 “In
450 2603 519 2653 libris
528 2602 658 2667 gentilium
666 2601 873 2666 philosophorum
882 2617 933 2651 non
942 2602 1049 2662 studeat,

199 2687 226 2731 et
242 2679 264 2730 si
280 2680 312 2729 ad
328 2679 417 2729 horam
432 2679 552 2744 suscipiat
567 2678 706 2728 saeculares
721 2676 846 2737 scientias,
859 2693 911 2727 non
927 2677 1049 2737 addiscat,

200 2772 248 2807 nec
269 2764 336 2806 artes
357 2772 419 2822 quas
440 2756 556 2806 liberales
576 2762 668 2805 vocant
690 2791 697 2806 .
723 2790 730 2804 .
756 2790 762 2804 .
788 2754 832 2803 sed
854 2761 952 2803 tantum
974 2754 1051 2804 libros

199 2834 355 2898 theologicos
377 2841 429 2883 tam
451 2833 638 2897 iuvenesquam
665 2831 708 2881 alii
731 2831 823 2895 legant.
868 2829 921 2894 Ipsi
944 2846 1002 2880 vero
1023 2831 1050 2881 in

199 2911 284 2960 studio
301 2910 387 2960 taliter
401 2911 451 2960 sint
466 2911 565 2970 intenti,
583 2915 611 2958 ut
626 2909 659 2958 de
675 2908 725 2967 die,
738 2908 771 2957 de
787 2913 870 2966 noete,
883 2908 910 2956 in
924 2907 1010 2968 domo,
1024 2908 1051 2957 in

197 2988 287 3037 itinere
299 2988 383 3051 legant
399 2987 494 3052 aliquid
512 2985 552 3036 vel
568 2984 664 3050 aliquid
680 2982 858 3034 meditentur.'’
892 2984 927 3034 So
938 2984 1050 3034 Abelard

197 3064 316 3115 declared
328 3064 357 3113 of
360 3064 457 3114 secular
466 3063 596 3127 learning:
615 3063 634 3088 “
645 3076 697 3111 non
707 3061 826 3110 debemus
837 3060 910 3110 ineis
921 3076 1051 3113 consenes-

197 3157 255 3192 cere
267 3141 310 3190 sed
323 3141 406 3205 potius
414 3141 563 3190 alimiuibns
573 3136 718 3189 salutare:”
734 3138 799 3187 cited
811 3137 839 3187 in
849 3137 956 3199 Denifle,
971 3139 1047 3190 Unir.

195 3220 240 3269 des
251 3218 418 3277 Mittelalters,
432 3233 457 3282 p.
471 3230 512 3280 99.

228 3301 302 3346 nocte
313 3295 415 3359 dieque]
432 3294 480 3359 Cp.
496 3295 536 3344 Ps.
550 3292 566 3342 i.
579 3305 611 3342 2:
627 3292 679 3342 and
690 3289 805 3358 previous
815 3297 883 3342 note.

610 3386 630 3428 tt
