2324 3982
366 301 592 355 CAPITULUM
610 301 661 352 IV.

383 789 598 892 Capitulum
616 814 652 885 4.

89 940 334 1038 Querimonia
350 939 528 1015 librorum
545 957 675 1017 contra
691 937 845 1015 clericos
863 937 938 1012 iam

408 1079 611 1162 promotos.

36 1269 76 1323 44
92 1244 295 1343 Progenies
308 1252 473 1332 viperarum
492 1265 630 1332 parentes
643 1252 778 1333 proprios
792 1252 941 1332 perimens

89 1362 180 1428 atque
194 1371 296 1412 semen
310 1370 439 1429 nequam
461 1350 651 1430 ingratissimi
670 1350 779 1426 cuculi,
794 1349 857 1427 qui,
871 1366 942 1408 cum
976 1392 979 1396 -

87 1447 167 1508 vires
180 1446 337 1525 acceperit,
351 1447 457 1508 virium
471 1447 647 1526 largitricem
662 1447 842 1508 nutriculam
856 1464 942 1506 suam

88 1555 187 1624 necat,
204 1555 273 1606 sunt
285 1543 386 1605 clerici
399 1545 561 1623 degeneres
582 1563 652 1623 erga
672 1545 775 1605 libros.
828 1542 942 1603 Redite

89 1641 340 1719 praevaricatores
355 1640 394 1701 ad
413 1659 465 1702 cor
478 1651 508 1702 et
532 1641 606 1719 quid
619 1659 673 1719 per
692 1640 785 1701 libros
810 1637 943 1716 recipitis
957 1653 970 1704 5

88 1736 217 1798 fideliter
229 1736 410 1815 computetis
423 1747 453 1798 et
467 1735 625 1798 invenietis
639 1735 731 1798 libros
751 1733 846 1797 totius
860 1732 943 1795 nobi·

88 1832 127 1892 lis
139 1843 234 1894 status
242 1832 331 1894 vestri
342 1833 570 1910 quodammodo
584 1842 742 1905 creatores,
758 1829 822 1893 sine
832 1829 943 1909 quibus

88 1928 289 2006 proculdubio
302 1927 482 1989 defecissent
496 1927 607 1989 caeteri
620 1938 817 2005 promotores.

36 2043 74 2104 45
130 2026 182 2087 Ad
194 2045 251 2086 nos
263 2043 374 2104 nempe
387 2026 475 2086 rudes
489 2025 609 2103 penitus
624 2035 655 2085 et
668 2023 778 2086 inertes
791 2021 939 2102 reptastis,

89 2136 124 2187 ut
145 2123 261 2203 parvuli
281 2122 494 2202 loquebamini,
516 2134 550 2184 ut
577 2123 690 2202 parvuli
715 2122 885 2201 sapiebatis,
910 2132 944 2182 ut
959 2145 989 2181 ιο

89 2220 205 2299 parvuli
225 2220 371 2282 eiulantes
390 2219 571 2299 implorastis
592 2219 752 2299 participes
772 2219 836 2281 fieri
857 2218 944 2279 lactis

89 2317 193 2378 nostri
236 2319 303 2379 Nos
326 2335 397 2378 vero
420 2317 556 2396 protinus
583 2316 713 2377 lacrimis
737 2314 842 2377 vestris
870 2314 943 2376 tacti

124 2483 139 2534 3
156 2471 409 2535 acceperint-necant
423 2471 448 2519 A
465 2469 589 2520 nutdcem
600 2471 629 2520 D
645 2471 656 2534 ΙΙ
673 2484 690 2531 4
706 2470 772 2519 circo
788 2470 814 2519 B
829 2469 867 2533 [16
883 2484 945 2518 com·

85 2556 176 2614 putate
183 2549 223 2614 Ja
234 2546 268 2612 ΙΙ8
278 2554 436 2613 promotores.
466 2548 625 2612 Expcrrona
635 2547 757 2597 librorum
768 2546 844 2611 vulgo
852 2550 862 2605 ΙΙ

124 2688 259 2754 Progenies
270 2686 421 2754 viperarum]
438 2687 576 2753 Cp.·Matt.
592 2687 634 2736 xii.
650 2699 690 2750 34.
729 2715 732 2722 ·

123 2765 245 2816 nutricem
261 2780 331 2816 suam
347 2761 433 2828 necat]
450 2765 500 2830 Cp.
520 2763 602 2828 Pliny,
621 2764 658 2813 H.
670 2764 704 2814 N.
718 2781 742 2814 x.
760 2775 798 2824 ιι,
817 2762 875 2813 who
890 2777 947 2827 says

90 2841 146 2892 that
162 2841 205 2892 tbe
221 2857 307 2906 young
322 2839 419 2891 cuekoo
435 2841 494 2890 robs
509 2840 552 2891 the
563 2839 640 2890 other
655 2855 740 2904 young
755 2839 825 2888 birds
841 2839 871 2888 of
883 2839 948 2889 their

90 2917 160 2977 foed,
168 2917 218 2966 and
226 2917 340 2982 growing
349 2916 385 2966 fat
396 2931 524 2981 engresses
532 2917 574 2966 tbe
582 2916 699 2967 affection
710 2916 739 2964 ol
747 2915 786 2964 his
794 2930 876 2976 nurse,
885 2916 915 2965 in
923 2931 948 2966 rr

90 2996 213 3046 nutricem
219 2995 346 3054 convertat,
358 2994 422 3043 until
429 2994 492 3045 aller
499 2994 595 3044 shehas
602 3009 660 3044 seen
669 2994 722 3042 him
730 2994 825 3044 devour
835 2994 880 3044 her
890 3008 949 3044 own

90 3088 184 3139 young,
196 3080 223 3122 at
233 3071 282 3121 last
293 3072 365 3122 when
377 3071 409 3121 he
420 3071 441 3120 is
452 3072 509 3121 able
520 3079 547 3121 to
558 3071 592 3135 lly
602 3072 635 3121 be
646 3071 733 3121 makes
744 3071 789 3121 her
800 3071 840 3122 bis
851 3087 919 3137 prey.

124 3149 216 3200 Redite
227 3149 435 3215 praevaricatores
446 3150 479 3199 ad
490 3147 543 3210 cor]
561 3149 638 3199 From
649 3150 683 3200 Is.
698 3149 757 3200 xlvi.
772 3148 796 3200 8.

123 3235 151 3277 ut
162 3224 271 3292 parvuli]
290 3227 336 3290 Cp.
353 3239 364 3275 1
378 3225 436 3276 Cor.
450 3225 501 3276 xiii.
518 3238 569 3275 11.·

122 3304 258 3370 participes
269 3301 353 3367 lactis]
370 3303 419 3368 Cp.
434 3303 504 3355 Heb.
516 3318 540 3353 v.
557 3313 595 3368 13.
