2324 3982
224 265 259 330 ιε
406 229 407 232 ¹
523 260 787 314 rrrrrosrsror

226 432 259 495 iu
282 452 403 495 omnem
424 443 532 494 terram
556 441 642 493 exeat
669 450 761 492 sonus
788 441 894 506 vester,
917 441 948 493 et
972 430 1082 492 nostris

226 528 353 591 instituti
381 528 557 590 salutaribus
583 527 727 590 doctrinis
756 547 857 590 coram
884 527 1024 606 gentibus
1052 539 1084 590 et

227 625 345 705 regibus
358 624 551 704 promulgetis
564 624 824 704 inexpugnabilem
836 625 928 686 fidem
941 624 1064 686 Christi.

175 713 213 789 85
269 726 360 784 Porro
369 724 461 784 fidem
470 733 588 800 patrum
599 721 755 800 potissime
765 721 847 782 libris
859 740 923 782 esse
934 720 1083 782 inclusam

228 821 395 882 secundum
409 819 573 898 capitulum
592 838 682 897 supra
698 818 769 880 satis
788 817 920 892 asseruit,
936 837 997 896 quo
1010 838 1084 878 con·
1098 837 1111 887 5

181 988 183 993 ,
229 927 288 979 stat
310 919 378 978 luce
409 915 516 977 clarius
543 917 628 994 quod
663 915 805 977 librorum
835 913 985 976 deberetis
1016 933 1085 976 esse

229 1012 356 1092 zelotypi
372 1033 443 1091 prae
462 1011 586 1074 caeteris
606 1011 792 1074 Christianis.
833 1010 985 1072 Seminare
1002 1009 1087 1072 iube

229 1109 304 1171 mini
326 1129 415 1188 super
443 1128 547 1171 omnes
570 1129 671 1187 aquas,
695 1108 838 1186 quoniam
866 1127 928 1168 non
952 1119 997 1168 est
1021 1127 1087 1185 per-

230 1225 370 1269 sonarum
383 1217 524 1284 acceptor
533 1205 705 1266 Altissimus
726 1223 785 1266 nec
797 1206 862 1265 vult
877 1214 1004 1265 mortem
1017 1223 1087 1282 pec

231 1315 366 1366 catorum
387 1302 550 1377 Piissimus‚
568 1301 621 1381 qui
647 1301 746 1363 occidi
767 1300 862 1362 voluit
884 1319 940 1379 pro
960 1300 1086 1376 eisdem,
1102 1319 1131 1354 10

232 1401 288 1463 red
305 1400 450 1462 contritos
463 1400 555 1462 corde
573 1399 688 1460 mederi
701 1398 851 1460 desiderat
870 1409 963 1474 atque
985 1399 1088 1476 lapsos

180 1501 220 1560 86
233 1497 305 1576 erigi
332 1509 363 1558 et
394 1515 547 1575 perversos
579 1495 686 1574 corrigi
710 1494 814 1573 spiritu
840 1493 978 1556 lenitatis
1036 1496 1088 1556 Ad

234 1614 326 1674 quem
342 1596 484 1655 effectum
500 1593 727 1654 saluberrimum
742 1595 822 1653 alma
841 1603 937 1652 mater
951 1591 1090 1652 Ecclesia

234 1711 289 1754 vos
312 1691 458 1770 plantavit
476 1689 612 1768 gratuito,
631 1692 842 1767 plantatosque
858 1687 963 1767 rigavit
983 1686 1090 1749 favori-

234 1789 301 1864 bus,
316 1800 347 1850 et
365 1788 475 1867 rigatos
495 1786 654 1865 privilegiis
671 1784 840 1860 suffulcivit,
855 1796 888 1847 ut
901 1804 971 1846 cum
991 1795 1091 1862 pasto
1105 1808 1115 1842 1
1120 1807 1132 1857 ς

234 1884 315 1947 ribus
337 1896 368 1946 et
394 1883 504 1945 curatis
528 1883 718 1945 coadiutores
742 1882 846 1944 essetis
869 1883 910 1943 ad
930 1901 1091 1960 procuram

235 1983 309 2043 dum
350 1983 476 2042 salutem
521 1980 654 2042 fidelium
694 1979 867 2041 animarum.
924 1980 1018 2041 Unde
1059 1989 1091 2040 et

198 2115 200 2120 ·
235 2078 478 2141 Praedicatorum
503 2078 641 2139 ordinem
663 2087 785 2156 propter
807 2095 908 2137 sacrae
928 2075 1092 2153 scripturae

268 2251 384 2303 odebero
392 2253 432 2318 Ja.
447 2252 505 2304 edd.
515 2256 525 2310 ΙΙ
539 2264 568 2315 13
576 2252 689 2316 gratuite
699 2251 725 2301 B
732 2251 855 2316 gratuitos
869 2250 928 2302 edd.
941 2255 951 2310 l]
965 2249 994 2300 16
999 2257 1091 2316 procu-

236 2331 344 2382 randum
356 2330 413 2381 edd.
428 2335 438 2389 ΙΙ
453 2340 481 2392 17
487 2331 606 2396 fidelium
618 2346 667 2379 om.
680 2329 720 2394 Ja.
735 2334 745 2387 ll

268 2492 341 2547 exeat
351 2495 437 2556 sonus]
454 2495 502 2560 Cp.
518 2495 558 2544 Ps.
571 2493 639 2543 xviii.
654 2503 680 2557 53
699 2493 773 2543 Rom.
788 2509 812 2542 x.
826 2490 863 2541 1&

266 2573 388 2638 zelotypi]
404 2573 460 2623 The
471 2572 541 2622 word
553 2587 639 2622 occurs
651 2571 730 2621 Eccli.
745 2570 810 2622 xxvi.
824 2581 849 2631 9.

269 2666 357 2700 omnes
364 2649 453 2713 aquas]
464 2649 540 2698 From
549 2648 583 2697 Is.
590 2647 717 2696 xxxiimo:
732 2645 827 2696 “Beati
835 2644 879 2710 qui
885 2643 1012 2694 seminatis
1020 2657 1096 2708 super

236 2742 324 2777 omues
334 2742 419 2791 aquas.
425 2723 438 2747 ”

270 2818 433 2869 personarum
444 2801 573 2866 acceptor]
590 2800 637 2864 Cp.
649 2799 720 2860 Acts,
734 2815 758 2849 x.
772 2810 812 2861 34.

270 2896 317 2931 nec
328 2880 393 2941 vult]
410 2881 456 2943 Cp.
472 2878 562 2927 Ezech.
576 2877 660 2926 xxxiii.
677 2888 718 2926 rrs
738 2875 834 2926 “Nolo
844 2881 951 2926 mortem
962 2871 1060 2939 impii.”

271 2957 359 3024 spiritu
370 2956 489 3016 lenitatis]
507 2956 583 3004 From
595 2954 652 3005 Gal.
666 2954 698 3004 vi.
716 2966 738 3004 1.

270 3032 391 3100 gratuito]
408 3033 455 3097 Cp.
469 3033 535 3082 Dan.
550 3032 583 3081 xi.
598 3044 647 3094 393
674 3031 737 3080 Mal.
750 3030 767 3079 i.
784 3042 822 3080 10.

271 3113 446 3178 plantatosque
458 3111 558 3175 rigavit]
576 3111 624 3174 Cp.
641 3122 652 3159 ι
666 3111 724 3160 Cor.
740 3108 811 3160 iii-6.

272 3190 377 3240 salutem
389 3188 539 3248 animarum]
556 3187 605 3252 Cp.
619 3200 640 3237 1.
658 3187 710 3236 Pet.
729 3186 745 3235 i.
760 3198 784 3247 9.

272 3265 558 3326 Praedicatomm1'rhe
580 3264 653 3314 order
674 3263 704 3313 of
724 3265 827 3313 Fratres
850 3262 1029 3312 Praedicantes
1047 3277 1100 3312 was
