<?xml version="1.0" encoding="UTF-8"?>
<!DOCTYPE html PUBLIC "-//W3C//DTD XHTML 1.0 Transitional//EN"
    "http://www.w3.org/TR/xhtml1/DTD/xhtml1-transitional.dtd">
<html xmlns="http://www.w3.org/1999/xhtml" xml:lang="en" lang="en">
 <head>
  <title>
</title>
<meta http-equiv="Content-Type" content="text/html;charset=utf-8" />
  <meta name='ocr-system' content='tesseract 3.04.00' />
  <meta name='ocr-capabilities' content='ocr_page ocr_carea ocr_par ocr_line ocrx_word'/>
</head>
<body>
  <div class='ocr_page' id='page_1' title='image "./philobiblonrich00thomgoog_0110.png"; bbox 0 0 2324 3982; ppageno 0'>
   <div class='ocr_carea' id='block_1_1' title="bbox 484 279 1054 345">
    <p class='ocr_par' dir='ltr' id='par_1_1' title="bbox 484 279 1054 345">
     <span class='ocr_line' id='line_1_1' title="bbox 484 279 1054 345; baseline 0 -13"><span class='ocrx_word' id='word_1_1' title='bbox 484 279 712 333; x_wconf 70' lang='lat' dir='ltr'>crprruwrr</span> <span class='ocrx_word' id='word_1_2' title='bbox 729 281 771 334; x_wconf 82' lang='lat'>11.</span> <span class='ocrx_word' id='word_1_3' title='bbox 1023 287 1054 345; x_wconf 85' lang='grc' dir='ltr'>ις</span> 
     </span>
    </p>
   </div>
   <div class='ocr_carea' id='block_1_2' title="bbox 150 448 1101 1600">
    <p class='ocr_par' dir='ltr' id='par_1_2' title="bbox 150 448 1101 1600">
     <span class='ocr_line' id='line_1_2' title="bbox 201 448 1054 528; baseline -0.002 -16"><span class='ocrx_word' id='word_1_4' title='bbox 201 448 269 525; x_wconf 85' lang='lat' dir='ltr'>disi,</span> <span class='ocrx_word' id='word_1_5' title='bbox 293 468 354 528; x_wconf 92' lang='lat' dir='ltr'>quo</span> <span class='ocrx_word' id='word_1_6' title='bbox 378 467 465 511; x_wconf 89' lang='lat' dir='ltr'>mens</span> <span class='ocrx_word' id='word_1_7' title='bbox 493 450 626 512; x_wconf 88' lang='lat' dir='ltr'>humana</span> <span class='ocrx_word' id='word_1_8' title='bbox 653 448 784 528; x_wconf 84' lang='lat' dir='ltr'>pascitur</span> <span class='ocrx_word' id='word_1_9' title='bbox 816 459 847 514; x_wconf 83' lang='lat' dir='ltr'>et</span> <span class='ocrx_word' id='word_1_10' title='bbox 880 449 981 512; x_wconf 83' lang='lat' dir='ltr'>aridus</span> <span class='ocrx_word' id='word_1_11' title='bbox 1010 448 1054 511; x_wconf 89' lang='lat' dir='ltr'>in-</span> 
     </span>
     <span class='ocr_line' id='line_1_3' title="bbox 150 545 1054 625; baseline 0.006 -21"><span class='ocrx_word' id='word_1_12' title='bbox 150 563 189 622; x_wconf 80' lang='lat'>²9</span> <span class='ocrx_word' id='word_1_13' title='bbox 203 549 339 610; x_wconf 76' lang='lat' dir='ltr'>tellectum</span> <span class='ocrx_word' id='word_1_14' title='bbox 359 545 504 608; x_wconf 85' lang='lat' dir='ltr'>imbuitur</span> <span class='ocrx_word' id='word_1_15' title='bbox 526 558 558 608; x_wconf 91' lang='lat' dir='ltr'>et</span> <span class='ocrx_word' id='word_1_16' title='bbox 579 545 708 625; x_wconf 63' lang='lat' dir='ltr'>rigatum</span> <span class='ocrx_word' id='word_1_17' title='bbox 741 566 796 608; x_wconf 83' lang='lat' dir='ltr'>vos</span> <span class='ocrx_word' id='word_1_18' title='bbox 820 566 889 609; x_wconf 81' lang='lat' dir='ltr'>arca</span> <span class='ocrx_word' id='word_1_19' title='bbox 914 549 1002 609; x_wconf 84' lang='lat' dir='ltr'>Noae</span> <span class='ocrx_word' id='word_1_20' title='bbox 1023 556 1054 609; x_wconf 87' lang='lat' dir='ltr'>et</span> 
     </span>
     <span class='ocr_line' id='line_1_4' title="bbox 202 643 1055 722; baseline 0 -13"><span class='ocrx_word' id='word_1_21' title='bbox 202 645 284 709; x_wconf 78' lang='lat' dir='ltr'>scale</span> <span class='ocrx_word' id='word_1_22' title='bbox 303 645 406 718; x_wconf 85' lang='lat' dir='ltr'>Iaoob,</span> <span class='ocrx_word' id='word_1_23' title='bbox 426 644 606 722; x_wconf 76' lang='lat' dir='ltr'><strong>canalesque</strong></span> <span class='ocrx_word' id='word_1_24' title='bbox 627 643 737 722; x_wconf 89' lang='lat' dir='ltr'>quibus</span> <span class='ocrx_word' id='word_1_25' title='bbox 757 644 856 706; x_wconf 78' lang='lat' dir='ltr'>foetus</span> <span class='ocrx_word' id='word_1_26' title='bbox 873 643 1055 709; x_wconf 86' lang='lat' dir='ltr'>intuentium</span> 
     </span>
     <span class='ocr_line' id='line_1_5' title="bbox 203 739 1054 820; baseline -0.001 -16"><span class='ocrx_word' id='word_1_27' title='bbox 203 743 389 817; x_wconf 79' lang='lat' dir='ltr'>colorantur3</span> <span class='ocrx_word' id='word_1_28' title='bbox 409 760 464 802; x_wconf 86' lang='lat' dir='ltr'>vos</span> <span class='ocrx_word' id='word_1_29' title='bbox 482 739 597 818; x_wconf 87' lang='lat' dir='ltr'>lapides</span> <span class='ocrx_word' id='word_1_30' title='bbox 616 740 781 802; x_wconf 88' lang='lat' dir='ltr'>testimonii</span> <span class='ocrx_word' id='word_1_31' title='bbox 801 753 832 803; x_wconf 90' lang='lat' dir='ltr'>et</span> <span class='ocrx_word' id='word_1_32' title='bbox 851 743 976 820; x_wconf 82' lang='lat' dir='ltr'>lagenae</span> <span class='ocrx_word' id='word_1_33' title='bbox 993 759 1054 803; x_wconf 83' lang='lat' dir='ltr'>ser·</span> 
     </span>
     <span class='ocr_line' id='line_1_6' title="bbox 201 837 1083 917; baseline 0.002 -16"><span class='ocrx_word' id='word_1_34' title='bbox 201 838 474 917; x_wconf 66' lang='lat' dir='ltr'>rantes-lampadas</span> <span class='ocrx_word' id='word_1_35' title='bbox 484 837 645 913; x_wconf 88' lang='lat' dir='ltr'>Gedeonis,</span> <span class='ocrx_word' id='word_1_36' title='bbox 656 857 728 916; x_wconf 80' lang='lat' dir='ltr'>pera</span> <span class='ocrx_word' id='word_1_37' title='bbox 741 838 850 915; x_wconf 84' lang='lat' dir='ltr'>David,</span> <span class='ocrx_word' id='word_1_38' title='bbox 865 839 904 902; x_wconf 90' lang='lat' dir='ltr'>de</span> <span class='ocrx_word' id='word_1_39' title='bbox 918 858 978 917; x_wconf 83' lang='lat' dir='ltr'>qua</span> <span class='ocrx_word' id='word_1_40' title='bbox 991 838 1055 899; x_wconf 90' lang='lat' dir='ltr'>lim·</span> <span class='ocrx_word' id='word_1_41' title='bbox 1068 850 1083 903; x_wconf 79' lang='lat' dir='ltr'>t</span> 
     </span>
     <span class='ocr_line' id='line_1_7' title="bbox 202 935 1054 1016; baseline 0.001 -19"><span class='ocrx_word' id='word_1_42' title='bbox 202 935 351 1016; x_wconf 88' lang='lat' dir='ltr'>pidissimi</span> <span class='ocrx_word' id='word_1_43' title='bbox 369 935 485 1014; x_wconf 83' lang='lat' dir='ltr'>lapides</span> <span class='ocrx_word' id='word_1_44' title='bbox 494 936 691 998; x_wconf 78' lang='lat' dir='ltr'>extrahuntur</span> <span class='ocrx_word' id='word_1_45' title='bbox 702 945 737 997; x_wconf 92' lang='lat' dir='ltr'>ut</span> <span class='ocrx_word' id='word_1_46' title='bbox 750 935 872 998; x_wconf 87' lang='lat' dir='ltr'>Goliath</span> <span class='ocrx_word' id='word_1_47' title='bbox 886 947 1054 1015; x_wconf 84' lang='lat' dir='ltr'>prosterna-</span> 
     </span>
     <span class='ocr_line' id='line_1_8' title="bbox 203 1031 1055 1112; baseline 0.001 -18"><span class='ocrx_word' id='word_1_48' title='bbox 203 1044 260 1094; x_wconf 89' lang='lat' dir='ltr'>tur.</span> <span class='ocrx_word' id='word_1_49' title='bbox 306 1035 372 1101; x_wconf 87' lang='lat' dir='ltr'>Vos</span> <span class='ocrx_word' id='word_1_50' title='bbox 395 1031 466 1094; x_wconf 87' lang='lat' dir='ltr'>estis</span> <span class='ocrx_word' id='word_1_51' title='bbox 487 1051 577 1093; x_wconf 83' lang='lat' dir='ltr'>aurea</span> <span class='ocrx_word' id='word_1_52' title='bbox 597 1053 669 1094; x_wconf 84' lang='lat' dir='ltr'>vasa</span> <span class='ocrx_word' id='word_1_53' title='bbox 689 1033 804 1112; x_wconf 88' lang='lat' dir='ltr'>templi,</span> <span class='ocrx_word' id='word_1_54' title='bbox 829 1053 912 1094; x_wconf 88' lang='lat' dir='ltr'>arma</span> <span class='ocrx_word' id='word_1_55' title='bbox 932 1032 1055 1095; x_wconf 86' lang='lat' dir='ltr'>militiae</span> 
     </span>
     <span class='ocr_line' id='line_1_9' title="bbox 203 1130 1056 1209; baseline 0 -16"><span class='ocrx_word' id='word_1_56' title='bbox 203 1130 389 1206; x_wconf 84' lang='lat' dir='ltr'>clericorum,</span> <span class='ocrx_word' id='word_1_57' title='bbox 403 1131 512 1209; x_wconf 86' lang='lat' dir='ltr'>quibus</span> <span class='ocrx_word' id='word_1_58' title='bbox 531 1134 591 1194; x_wconf 90' lang='lat' dir='ltr'>tela</span> <span class='ocrx_word' id='word_1_59' title='bbox 603 1131 778 1209; x_wconf 85' lang='lat' dir='ltr'>nequissimi</span> <span class='ocrx_word' id='word_1_60' title='bbox 793 1131 887 1193; x_wconf 87' lang='lat' dir='ltr'>hostis</span> <span class='ocrx_word' id='word_1_61' title='bbox 901 1132 1056 1193; x_wconf 86' lang='lat' dir='ltr'>destruun-</span> 
     </span>
     <span class='ocr_line' id='line_1_10' title="bbox 204 1229 1056 1308; baseline -0.001 -18"><span class='ocrx_word' id='word_1_62' title='bbox 204 1239 260 1302; x_wconf 86' lang='lat' dir='ltr'>tur,</span> <span class='ocrx_word' id='word_1_63' title='bbox 269 1229 532 1308; x_wconf 81' lang='lat' dir='ltr'>olivaelecnndae‚</span> <span class='ocrx_word' id='word_1_64' title='bbox 541 1231 647 1292; x_wconf 81' lang='lat' dir='ltr'>vineae</span> <span class='ocrx_word' id='word_1_65' title='bbox 656 1229 783 1308; x_wconf 81' lang='lat' dir='ltr'>Eugadi,</span> <span class='ocrx_word' id='word_1_66' title='bbox 792 1231 866 1290; x_wconf 89' lang='lat' dir='ltr'>ficus</span> <span class='ocrx_word' id='word_1_67' title='bbox 875 1229 1056 1290; x_wconf 85' lang='lat' dir='ltr'>sterilescere</span> 
     </span>
     <span class='ocr_line' id='line_1_11' title="bbox 204 1323 1101 1405; baseline -0.001 -19"><span class='ocrx_word' id='word_1_68' title='bbox 204 1324 383 1402; x_wconf 84' lang='lat' dir='ltr'>nescientes,</span> <span class='ocrx_word' id='word_1_69' title='bbox 402 1328 542 1390; x_wconf 85' lang='lat' dir='ltr'>lucernae</span> <span class='ocrx_word' id='word_1_70' title='bbox 560 1329 708 1402; x_wconf 86' lang='lat' dir='ltr'>ardentes,</span> <span class='ocrx_word' id='word_1_71' title='bbox 730 1346 848 1405; x_wconf 86' lang='lat' dir='ltr'>semper</span> <span class='ocrx_word' id='word_1_72' title='bbox 867 1325 899 1387; x_wconf 91' lang='lat' dir='ltr'>in</span> <span class='ocrx_word' id='word_1_73' title='bbox 917 1323 1056 1386; x_wconf 85' lang='lat' dir='ltr'>manibus</span> <span class='ocrx_word' id='word_1_74' title='bbox 1069 1341 1101 1378; x_wconf 79' lang='grc' dir='ltr'>ιο</span> 
     </span>
     <span class='ocr_line' id='line_1_12' title="bbox 205 1421 1057 1503; baseline -0.002 -18"><span class='ocrx_word' id='word_1_75' title='bbox 205 1424 531 1501; x_wconf 83' lang='lat' dir='ltr'>praetendendae‚-et</span> <span class='ocrx_word' id='word_1_76' title='bbox 566 1423 681 1503; x_wconf 89' lang='lat' dir='ltr'>optima</span> <span class='ocrx_word' id='word_1_77' title='bbox 721 1442 860 1502; x_wconf 86' lang='lat' dir='ltr'>quaeque</span> <span class='ocrx_word' id='word_1_78' title='bbox 895 1421 1057 1500; x_wconf 84' lang='lat' dir='ltr'>scripturae</span> 
     </span>
     <span class='ocr_line' id='line_1_13' title="bbox 205 1518 1017 1600; baseline 0.006 -21"><span class='ocrx_word' id='word_1_79' title='bbox 205 1518 288 1582; x_wconf 85' lang='lat' dir='ltr'>libris</span> <span class='ocrx_word' id='word_1_80' title='bbox 301 1520 444 1598; x_wconf 85' lang='lat' dir='ltr'>adaptare</span> <span class='ocrx_word' id='word_1_81' title='bbox 457 1520 631 1600; x_wconf 84' lang='lat' dir='ltr'>poterimus,</span> <span class='ocrx_word' id='word_1_82' title='bbox 646 1519 671 1582; x_wconf 86' lang='lat' dir='ltr'>si</span> <span class='ocrx_word' id='word_1_83' title='bbox 684 1519 768 1598; x_wconf 91' lang='lat' dir='ltr'>loqui</span> <span class='ocrx_word' id='word_1_84' title='bbox 779 1519 871 1581; x_wconf 88' lang='lat' dir='ltr'>libeat</span> <span class='ocrx_word' id='word_1_85' title='bbox 885 1520 1017 1597; x_wconf 85' lang='lat' dir='ltr'>figurate.</span> 
     </span>
    </p>
   </div>
   <div class='ocr_carea' id='block_1_3' title="bbox 209 1830 1056 2078">
    <p class='ocr_par' dir='ltr' id='par_1_3' title="bbox 209 1830 1056 2078">
     <span class='ocr_line' id='line_1_14' title="bbox 502 1830 767 1932; baseline 0.004 -25"><span class='ocrx_word' id='word_1_86' title='bbox 502 1830 715 1932; x_wconf 86' lang='lat' dir='ltr'>Capitulum</span> <span class='ocrx_word' id='word_1_87' title='bbox 735 1857 767 1908; x_wconf 88' lang='lat'>2.</span> 
     </span>
     <span class='ocr_line' id='line_1_15' title="bbox 209 1979 1056 2078; baseline 0 -21"><span class='ocrx_word' id='word_1_88' title='bbox 209 1980 343 2078; x_wconf 83' lang='lat' dir='ltr'>Qualis</span> <span class='ocrx_word' id='word_1_89' title='bbox 353 2007 460 2057; x_wconf 88' lang='lat' dir='ltr'>amor</span> <span class='ocrx_word' id='word_1_90' title='bbox 468 1980 571 2056; x_wconf 91' lang='lat' dir='ltr'>libris</span> <span class='ocrx_word' id='word_1_91' title='bbox 584 1979 854 2057; x_wconf 83' lang='lat' dir='ltr'>rationabiliter</span> <span class='ocrx_word' id='word_1_92' title='bbox 865 1981 1056 2058; x_wconf 84' lang='lat' dir='ltr'>debeatur.</span> 
     </span>
    </p>
   </div>
   <div class='ocr_carea' id='block_1_4' title="bbox 152 2157 1102 2543">
    <p class='ocr_par' dir='ltr' id='par_1_4' title="bbox 152 2157 1102 2543">
     <span class='ocr_line' id='line_1_16' title="bbox 152 2157 1059 2254; baseline 0.002 -22"><span class='ocrx_word' id='word_1_93' title='bbox 152 2183 193 2242; x_wconf 87' lang='lat'>30</span> <span class='ocrx_word' id='word_1_94' title='bbox 209 2157 252 2232; x_wconf 79' lang='lat' dir='ltr'>Si</span> <span class='ocrx_word' id='word_1_95' title='bbox 272 2174 420 2254; x_wconf 89' lang='lat' dir='ltr'>quidlibet</span> <span class='ocrx_word' id='word_1_96' title='bbox 436 2173 518 2235; x_wconf 90' lang='lat' dir='ltr'>iuxta</span> <span class='ocrx_word' id='word_1_97' title='bbox 538 2174 664 2252; x_wconf 86' lang='lat' dir='ltr'>gradum</span> <span class='ocrx_word' id='word_1_98' title='bbox 679 2173 786 2234; x_wconf 88' lang='lat' dir='ltr'>valoris</span> <span class='ocrx_word' id='word_1_99' title='bbox 807 2173 933 2251; x_wconf 79' lang='lat' dir='ltr'>gradum</span> <span class='ocrx_word' id='word_1_100' title='bbox 946 2191 1059 2234; x_wconf 85' lang='lat' dir='ltr'>merea·</span> 
     </span>
     <span class='ocr_line' id='line_1_17' title="bbox 208 2267 1059 2344; baseline -0.004 -11"><span class='ocrx_word' id='word_1_101' title='bbox 208 2284 255 2334; x_wconf 90' lang='lat' dir='ltr'>tur</span> <span class='ocrx_word' id='word_1_102' title='bbox 288 2273 406 2344; x_wconf 88' lang='lat' dir='ltr'>amoris,</span> <span class='ocrx_word' id='word_1_103' title='bbox 438 2271 570 2331; x_wconf 87' lang='lat' dir='ltr'>valorem</span> <span class='ocrx_word' id='word_1_104' title='bbox 603 2287 674 2330; x_wconf 85' lang='lat' dir='ltr'>vero</span> <span class='ocrx_word' id='word_1_105' title='bbox 708 2268 851 2330; x_wconf 89' lang='lat' dir='ltr'>librorum</span> <span class='ocrx_word' id='word_1_106' title='bbox 878 2267 1059 2330; x_wconf 86' lang='lat' dir='ltr'>ineffabilem</span> 
     </span>
     <span class='ocr_line' id='line_1_18' title="bbox 207 2365 1102 2449; baseline -0.009 -20"><span class='ocrx_word' id='word_1_107' title='bbox 207 2369 367 2449; x_wconf 90' lang='lat' dir='ltr'>persuadet</span> <span class='ocrx_word' id='word_1_108' title='bbox 401 2367 585 2444; x_wconf 86' lang='lat' dir='ltr'>praecedens</span> <span class='ocrx_word' id='word_1_109' title='bbox 614 2365 799 2444; x_wconf 81' lang='lat' dir='ltr'>capitulum3</span> <span class='ocrx_word' id='word_1_110' title='bbox 833 2367 932 2444; x_wconf 88' lang='lat' dir='ltr'>palam</span> <span class='ocrx_word' id='word_1_111' title='bbox 963 2365 1058 2443; x_wconf 91' lang='lat' dir='ltr'>liquet</span> <span class='ocrx_word' id='word_1_112' title='bbox 1072 2385 1102 2436; x_wconf 81' lang='lat'>¹5</span> 
     </span>
     <span class='ocr_line' id='line_1_19' title="bbox 207 2462 1058 2543; baseline -0.007 -15"><span class='ocrx_word' id='word_1_113' title='bbox 207 2465 313 2530; x_wconf 88' lang='lat' dir='ltr'>lectori</span> <span class='ocrx_word' id='word_1_114' title='bbox 333 2464 407 2543; x_wconf 92' lang='lat' dir='ltr'>quid</span> <span class='ocrx_word' id='word_1_115' title='bbox 436 2462 474 2524; x_wconf 91' lang='lat' dir='ltr'>sit</span> <span class='ocrx_word' id='word_1_116' title='bbox 499 2462 570 2524; x_wconf 93' lang='lat' dir='ltr'>inde</span> <span class='ocrx_word' id='word_1_117' title='bbox 595 2462 789 2541; x_wconf 85' lang='lat' dir='ltr'>probabiliter</span> <span class='ocrx_word' id='word_1_118' title='bbox 805 2462 1058 2524; x_wconf 89' lang='lat' dir='ltr'>concludendum.</span> 
     </span>
    </p>
   </div>
   <div class='ocr_carea' id='block_1_5' title="bbox 205 2609 1061 2762">
    <p class='ocr_par' dir='ltr' id='par_1_5' title="bbox 205 2609 1061 2762">
     <span class='ocr_line' id='line_1_20' title="bbox 242 2609 1061 2681; baseline -0.009 -15"><span class='ocrx_word' id='word_1_119' title='bbox 242 2615 433 2681; x_wconf 83' lang='lat' dir='ltr'>3canalesveJa.</span> <span class='ocrx_word' id='word_1_120' title='bbox 445 2612 641 2678; x_wconf 71' lang='lat' dir='ltr'>lislampadestl</span> <span class='ocrx_word' id='word_1_121' title='bbox 651 2613 711 2662; x_wconf 82' lang='lat' dir='ltr'>BE</span> <span class='ocrx_word' id='word_1_122' title='bbox 719 2613 760 2679; x_wconf 80' lang='lat' dir='ltr'>Ja.</span> <span class='ocrx_word' id='word_1_123' title='bbox 769 2615 779 2670; x_wconf 79' lang='lat' dir='ltr'>lt</span> <span class='ocrx_word' id='word_1_124' title='bbox 791 2610 891 2662; x_wconf 75' lang='lat' dir='ltr'>8kostis</span> <span class='ocrx_word' id='word_1_125' title='bbox 903 2627 952 2662; x_wconf 90' lang='lat' dir='ltr'>om.</span> <span class='ocrx_word' id='word_1_126' title='bbox 966 2609 1061 2660; x_wconf 82' lang='lat' dir='ltr'>ABE</span> 
     </span>
     <span class='ocr_line' id='line_1_21' title="bbox 205 2690 696 2762; baseline -0.01 -16"><span class='ocrx_word' id='word_1_127' title='bbox 205 2697 246 2762; x_wconf 87' lang='lat' dir='ltr'>Ja.</span> <span class='ocrx_word' id='word_1_128' title='bbox 259 2700 268 2754; x_wconf 80' lang='grc' dir='ltr'>ΙΙ</span> <span class='ocrx_word' id='word_1_129' title='bbox 282 2707 313 2744; x_wconf 83' lang='grc' dir='ltr'>ιο</span> <span class='ocrx_word' id='word_1_130' title='bbox 327 2700 421 2759; x_wconf 73' lang='lat' dir='ltr'>semper</span> <span class='ocrx_word' id='word_1_131' title='bbox 430 2693 460 2742; x_wconf 80' lang='lat' dir='ltr'>in</span> <span class='ocrx_word' id='word_1_132' title='bbox 471 2707 504 2741; x_wconf 87' lang='lat' dir='ltr'>m.</span> <span class='ocrx_word' id='word_1_133' title='bbox 512 2698 542 2756; x_wconf 79' lang='lat' dir='ltr'>p.</span> <span class='ocrx_word' id='word_1_134' title='bbox 555 2707 606 2742; x_wconf 90' lang='lat' dir='ltr'>om.</span> <span class='ocrx_word' id='word_1_135' title='bbox 619 2690 676 2741; x_wconf 90' lang='lat' dir='ltr'>edd.</span> <span class='ocrx_word' id='word_1_136' title='bbox 686 2694 696 2749; x_wconf 81' lang='grc' dir='ltr'>ΙΙ</span> 
     </span>
    </p>
   </div>
   <div class='ocr_carea' id='block_1_6' title="bbox 243 2827 929 3359">
    <p class='ocr_par' dir='ltr' id='par_1_6' title="bbox 243 2827 671 2897">
     <span class='ocr_line' id='line_1_22' title="bbox 243 2827 671 2897; baseline -0.014 -13"><span class='ocrx_word' id='word_1_137' title='bbox 243 2830 400 2897; x_wconf 77' lang='lat' dir='ltr'>canalesque]</span> <span class='ocrx_word' id='word_1_138' title='bbox 419 2830 467 2894; x_wconf 87' lang='lat' dir='ltr'>Cp.</span> <span class='ocrx_word' id='word_1_139' title='bbox 481 2828 546 2879; x_wconf 90' lang='lat' dir='ltr'>Gen.</span> <span class='ocrx_word' id='word_1_140' title='bbox 559 2844 616 2878; x_wconf 84' lang='lat' dir='ltr'>xxx.</span> <span class='ocrx_word' id='word_1_141' title='bbox 631 2827 671 2892; x_wconf 85' lang='lat'>38.</span> 
     </span>
    </p>

    <p class='ocr_par' dir='ltr' id='par_1_7' title="bbox 243 2904 766 2975">
     <span class='ocr_line' id='line_1_23' title="bbox 243 2904 766 2975; baseline -0.01 -15"><span class='ocrx_word' id='word_1_142' title='bbox 243 2910 340 2975; x_wconf 85' lang='lat' dir='ltr'>lapides</span> <span class='ocrx_word' id='word_1_143' title='bbox 351 2905 498 2968; x_wconf 83' lang='lat' dir='ltr'>testimonii]</span> <span class='ocrx_word' id='word_1_144' title='bbox 515 2906 564 2971; x_wconf 90' lang='lat' dir='ltr'>Cp.</span> <span class='ocrx_word' id='word_1_145' title='bbox 576 2905 679 2971; x_wconf 83' lang='lat' dir='ltr'>Joshua,</span> <span class='ocrx_word' id='word_1_146' title='bbox 694 2904 727 2954; x_wconf 87' lang='lat' dir='ltr'>iv.</span> <span class='ocrx_word' id='word_1_147' title='bbox 743 2913 766 2967; x_wconf 89' lang='lat'>7.</span> 
     </span>
    </p>

    <p class='ocr_par' dir='ltr' id='par_1_8' title="bbox 243 2979 929 3284">
     <span class='ocr_line' id='line_1_24' title="bbox 244 2979 929 3052; baseline -0.007 -15"><span class='ocrx_word' id='word_1_148' title='bbox 244 2989 348 3052; x_wconf 80' lang='lat' dir='ltr'>lagenae</span> <span class='ocrx_word' id='word_1_149' title='bbox 359 2992 485 3035; x_wconf 87' lang='lat' dir='ltr'>servantes</span> <span class='ocrx_word' id='word_1_150' title='bbox 496 2983 637 3048; x_wconf 82' lang='lat' dir='ltr'>lampadas]</span> <span class='ocrx_word' id='word_1_151' title='bbox 655 2983 703 3047; x_wconf 91' lang='lat' dir='ltr'>Cp.</span> <span class='ocrx_word' id='word_1_152' title='bbox 714 2982 818 3047; x_wconf 76' lang='lat' dir='ltr'>Judges,</span> <span class='ocrx_word' id='word_1_153' title='bbox 831 2979 875 3031; x_wconf 86' lang='lat' dir='ltr'>vii.</span> <span class='ocrx_word' id='word_1_154' title='bbox 891 2979 929 3032; x_wconf 89' lang='lat'>16.</span> 
     </span>
     <span class='ocr_line' id='line_1_25' title="bbox 243 3057 883 3130; baseline -0.016 -14"><span class='ocrx_word' id='word_1_155' title='bbox 243 3062 412 3130; x_wconf 87' lang='lat' dir='ltr'>limpidissimi</span> <span class='ocrx_word' id='word_1_156' title='bbox 424 3060 531 3127; x_wconf 86' lang='lat' dir='ltr'>lapides]</span> <span class='ocrx_word' id='word_1_157' title='bbox 549 3061 626 3110; x_wconf 88' lang='lat' dir='ltr'>From</span> <span class='ocrx_word' id='word_1_158' title='bbox 641 3072 651 3109; x_wconf 90' lang='grc' dir='ltr'>ι</span> <span class='ocrx_word' id='word_1_159' title='bbox 665 3059 755 3124; x_wconf 69' lang='lat' dir='ltr'>nugs,</span> <span class='ocrx_word' id='word_1_160' title='bbox 770 3057 830 3108; x_wconf 86' lang='lat' dir='ltr'>xvii.</span> <span class='ocrx_word' id='word_1_161' title='bbox 841 3070 883 3120; x_wconf 89' lang='lat'>40.</span> 
     </span>
     <span class='ocr_line' id='line_1_26' title="bbox 244 3136 921 3204; baseline -0.01 -11"><span class='ocrx_word' id='word_1_162' title='bbox 244 3159 315 3194; x_wconf 89' lang='lat' dir='ltr'>arma</span> <span class='ocrx_word' id='word_1_163' title='bbox 324 3137 440 3204; x_wconf 85' lang='lat' dir='ltr'>militiae]</span> <span class='ocrx_word' id='word_1_164' title='bbox 458 3140 506 3203; x_wconf 90' lang='lat' dir='ltr'>Cp.</span> <span class='ocrx_word' id='word_1_165' title='bbox 520 3151 536 3188; x_wconf 84' lang='lat' dir='ltr'>a</span> <span class='ocrx_word' id='word_1_166' title='bbox 548 3139 607 3188; x_wconf 92' lang='lat' dir='ltr'>Cor.</span> <span class='ocrx_word' id='word_1_167' title='bbox 621 3154 647 3186; x_wconf 87' lang='lat' dir='ltr'>x.</span> <span class='ocrx_word' id='word_1_168' title='bbox 658 3151 683 3198; x_wconf 84' lang='lat'>4,</span> <span class='ocrx_word' id='word_1_169' title='bbox 697 3136 748 3186; x_wconf 84' lang='lat' dir='ltr'>and</span> <span class='ocrx_word' id='word_1_170' title='bbox 764 3151 784 3186; x_wconf 91' lang='lat' dir='ltr'>s.</span> <span class='ocrx_word' id='word_1_171' title='bbox 802 3146 848 3197; x_wconf 90' lang='lat'>129</span> <span class='ocrx_word' id='word_1_172' title='bbox 860 3140 921 3186; x_wconf 78' lang='lat' dir='ltr'>note.</span> 
     </span>
     <span class='ocr_line' id='line_1_27' title="bbox 244 3213 704 3284; baseline -0.017 -12"><span class='ocrx_word' id='word_1_173' title='bbox 244 3221 295 3273; x_wconf 82' lang='lat' dir='ltr'>tela</span> <span class='ocrx_word' id='word_1_174' title='bbox 304 3215 460 3284; x_wconf 89' lang='lat' dir='ltr'>nequissimi]</span> <span class='ocrx_word' id='word_1_175' title='bbox 477 3215 523 3280; x_wconf 93' lang='lat' dir='ltr'>Cp.</span> <span class='ocrx_word' id='word_1_176' title='bbox 536 3215 602 3280; x_wconf 89' lang='lat' dir='ltr'>Eph.</span> <span class='ocrx_word' id='word_1_177' title='bbox 616 3214 649 3264; x_wconf 85' lang='lat' dir='ltr'>vi.</span> <span class='ocrx_word' id='word_1_178' title='bbox 666 3213 704 3264; x_wconf 89' lang='lat'>16.</span> 
     </span>
    </p>

    <p class='ocr_par' dir='ltr' id='par_1_9' title="bbox 245 3291 767 3359">
     <span class='ocr_line' id='line_1_28' title="bbox 245 3291 767 3359; baseline -0.019 -8"><span class='ocrx_word' id='word_1_179' title='bbox 245 3300 361 3350; x_wconf 85' lang='lat' dir='ltr'>lucernae</span> <span class='ocrx_word' id='word_1_180' title='bbox 371 3293 497 3356; x_wconf 79' lang='lat' dir='ltr'>ardentes]</span> <span class='ocrx_word' id='word_1_181' title='bbox 515 3293 562 3359; x_wconf 91' lang='lat' dir='ltr'>Cp.</span> <span class='ocrx_word' id='word_1_182' title='bbox 577 3291 657 3354; x_wconf 82' lang='lat' dir='ltr'>Luke,</span> <span class='ocrx_word' id='word_1_183' title='bbox 671 3291 714 3343; x_wconf 82' lang='lat' dir='ltr'>xii.</span> <span class='ocrx_word' id='word_1_184' title='bbox 728 3299 767 3355; x_wconf 81' lang='lat'>35.</span> 
     </span>
    </p>
   </div>
   <div class='ocr_carea' id='block_1_7' title="bbox 0 0 1181 3982">
    <p class='ocr_par' dir='ltr' id='par_1_10' title="bbox 0 0 1181 3982">
     <span class='ocr_line' id='line_1_29' title="bbox 0 0 1181 3982; baseline 0 0"><span class='ocrx_word' id='word_1_185' title='bbox 0 0 1181 3982; x_wconf 95' lang='lat' dir='ltr'> </span> 
     </span>
    </p>
   </div>
  </div>
 </body>
</html>
