2324 3982
425 279 653 333 cnprrurum
665 279 743 330 rvr.
963 287 1008 344 ης

152 451 281 526 clamat,
303 449 414 528 digitos
434 451 591 513 scribentis
610 450 642 512 in
662 450 775 529 pariete
795 452 891 510 Mane
910 451 1012 510 Thecel

151 550 265 608 Phoros
278 549 564 609 Nabuchodonosor
577 560 707 610 tremens
720 547 805 622 vidit,
817 547 954 608 Danielis
966 556 1007 624 5⁰.

151 648 228 724 Eg0,
261 644 359 724 inquit
386 645 537 720 IeremiaS,
572 645 740 707 scribebam
779 644 811 706 in
852 644 1008 706 volumine

150 754 328 818 atramento,
351 742 496 803 Ieremiae
518 745 576 819 36⁰.
620 743 714 818 Quod
733 740 828 816 vides,
853 741 950 802 scribe
976 741 1008 801 in

150 841 237 914 libro,
261 839 398 904 Christus
421 839 530 900 Ioanni
551 838 696 917 praecipit
711 857 782 900 caro
803 857 875 900 suo:
909 841 1036 916 Apoc.5

150 938 256 1016 primo.
299 937 349 999 Sic
367 937 474 1010 Isaiae,
496 935 540 998 sic
564 939 675 998 Iosuae
702 934 834 997 officium
856 934 1007 1013 scriptoris

150 1035 324 1113 iniungitur,
352 1046 386 1094 ut
407 1045 469 1095 tam
490 1043 574 1094 actus
599 1052 692 1110 quam
717 1032 823 1112 peritia
844 1031 952 1093 futuris
975 1032 1007 1092 in

150 1144 304 1209 posterum
313 1133 551 1192 commendetur.
576 1133 615 1190 In
625 1128 805 1191 vestimento
814 1141 844 1191 et
854 1129 886 1190 in
896 1132 1010 1191 femore

151 1229 293 1307 scriptum
307 1230 397 1290 habet
408 1231 475 1288 Rex
489 1249 586 1305 regum
600 1235 627 1288 et
638 1229 786 1288 Dominus
798 1229 1009 1288 dominantium

152 1326 289 1388 Christus
310 1326 383 1404 ipse,
406 1337 439 1387 ut
460 1324 524 1386 sine
546 1324 691 1403 scriptura
712 1335 842 1402 nequeat
865 1343 1008 1403 apparere
1025 1351 1055 1386 ro

102 1447 137 1485 ro
152 1425 318 1501 perfectum
334 1420 558 1500 Omnipotentis
572 1421 686 1499 regium
702 1432 918 1482 ornamentum.
951 1424 1011 1482 De·

151 1520 247 1580 functi
256 1522 366 1581 docere
374 1540 435 1581 non
444 1518 593 1594 desinunt,
601 1518 760 1596 quisacrae
769 1517 909 1579 scientiae
918 1517 1010 1580 libros

152 1616 294 1678 scribunt.
337 1619 408 1676 Plus
433 1617 542 1676 Paulus
563 1615 723 1677 scribendo
745 1635 842 1676 sacras
867 1615 1008 1693 epistolas

154 1714 307 1776 Ecclesiae
341 1713 452 1791 profuit
475 1712 667 1774 fabricandae
694 1731 785 1790 quam
811 1712 949 1790 gentibus
978 1723 1009 1773 et

153 1812 275 1873 Iudaeis
286 1809 518 1889 evangelizando
533 1829 678 1871 sermone
716 1813 835 1888 Nempe
849 1829 902 1888 per
915 1809 1007 1871 libros
1025 1833 1054 1883 ις

152 1907 265 1970 cotidie
278 1908 434 1969 continuat
447 1909 687 1985 comprehensor,
703 1907 786 1984 quod
802 1905 874 1967 olim
887 1906 918 1965 in
933 1917 1010 1967 terra

151 2005 268 2083 positus
277 2002 529 2065 inchoavitviator
534 2025 543 2078 3
556 2002 1011 2080 sicqueverifieaturdedoctori-

153 2104 210 2163 bus
229 2103 320 2163 libros
334 2101 533 2163 scribentibus
548 2119 645 2161 sermo
659 2101 853 2179 propheticus
875 2101 1010 2162 Danielis

156 2221 210 2261 12:
232 2199 284 2277 qui
298 2201 337 2260 ad
356 2196 498 2259 iustitiam
512 2196 651 2258 erudiunt
671 2199 787 2272 multos,
804 2197 888 2275 quasi
908 2200 1010 2260 stellae

154 2297 186 2357 in
200 2308 359 2376 perpetuas
373 2294 571 2356 aeternitates.

190 2499 202 2538 1
215 2489 343 2538 scribentes
353 2488 382 2537 D
399 2488 439 2552 Ja.
455 2493 491 2545 112
511 2487 652 2536 Baltltasar
669 2487 727 2537 edd.
741 2484 752 2550 ΙΙ
764 2488 911 2552 5praecepft
928 2486 984 2538 edd.
999 2485 1010 2551 ΙΙ

156 2574 209 2630 yut
219 2574 303 2616 tantm
313 2567 378 2616 artis
382 2566 478 2630 pm’tm
490 2565 547 2615 edd.
558 2563 568 2628 ΙΙ

187 2744 269 2809 inquit
276 2742 406 2803 Ieremias]
421 2743 471 2808 Jer.
481 2743 564 2792 xxxvi.
574 2742 630 2803 (not
640 2759 709 2802 xxm,
720 2757 748 2792 as
759 2742 843 2807 James
854 2741 954 2807 prints),
970 2741 1007 2793 18.

156 2821 235 2872 Coch
249 2820 381 2871 translates
395 2822 413 2846 “
424 2821 487 2870 dans
499 2835 533 2869 un
544 2820 606 2870 livre
617 2820 673 2869 noir
685 2818 711 2870 t”

189 2900 245 2949 Rex
256 2897 353 2962 regum]
370 2898 446 2946 From
459 2898 522 2947 Rev.
536 2897 586 2946 xix.
603 2898 651 2947 16:
668 2913 707 2963 cp.
723 2909 744 2958 1,
759 2897 826 2947 Tim.
840 2897 866 2946 ii.
883 2906 920 2961 15.

188 2975 299 3025 defuncti
310 2975 399 3024 docere
410 2989 461 3023 non
472 2974 600 3035 desinunt]
616 2973 665 3037 Cp.
680 2974 749 3023 Heb.
762 2974 795 3024 xi.
809 2989 833 3035 4.

188 3052 392 3117 comprehensor]
408 3052 471 3100 This
482 3052 560 3111 word,
574 3052 657 3101 which
670 3053 682 3101 l
694 3052 784 3101 donor
798 3051 850 3100 find
865 3050 1008 3112 elsewhere,

155 3131 178 3181 is
193 3146 227 3181 no
243 3130 323 3180 doubt
340 3129 441 3179 derived
457 3128 522 3179 from
538 3127 599 3178 such
621 3144 737 3193 passages
753 3145 781 3178 as
801 3141 812 3178 1
831 3128 890 3179 Cor.
908 3128 942 3180 ix.
962 3142 1009 3190 24:

160 3208 229 3260 “Sic
240 3207 331 3257 currite
342 3213 370 3255 ut
381 3203 614 3270 comprehendam?
627 3206 677 3255 and
689 3205 753 3256 Phil.
768 3206 802 3257 iii.
820 3219 857 3267 12,
874 3218 911 3269 13.

188 3283 281 3346 viator]
298 3284 347 3335 See
358 3290 423 3344 ante,
437 3282 477 3334 ch.
491 3283 523 3333 iv.
537 3298 558 3333 s.
569 3291 609 3346 47,
623 3289 685 3333 note.
