2324 3982
396 293 589 346 morosus
900 304 916 357 3

67 459 120 538 qui
140 461 221 522 solus
241 463 355 523 bonam
368 461 500 524 hominis
514 472 544 523 et
564 459 717 540 praevenit
730 461 918 520 voluntatem

66 569 98 619 et
111 557 235 636 perficit,
250 559 314 621 sine
328 579 390 637 quo
409 578 467 622 nec
488 557 666 620 sufficientia
688 555 820 635 suppetit
838 554 917 634 cogi·

65 654 150 716 tandi
173 657 372 732 solummodo,
393 656 479 718 cuius
498 655 644 735 quicquid
663 654 737 716 boni
760 651 918 716 fecerimus

66 770 129 812 non
149 752 329 831 ambigimus
348 772 416 814 esse
433 772 551 827 munus,
571 751 728 830 diligenter
745 762 808 812 tam
824 768 918 828 penes

65 867 124 910 nos
144 868 235 926 quam
253 868 323 910 cum
340 849 405 911 aliis
429 848 609 927 inquirendo
629 846 824 910 discussimus
844 844 918 924 quid

65 944 144 1006 inter
169 946 355 1008 diversorum
379 965 522 1026 generum
548 944 668 1024 pietatis
695 942 793 1005 officia
819 943 945 1020 primos

65 1042 160 1120 gradu
195 1044 328 1120 placeret
365 1043 530 1118 Altissimo,
566 1043 783 1121 prodessetque
816 1038 917 1118 potius

33 1149 51 1211 5
68 1138 220 1200 Ecclesiae
228 1138 376 1201 militanti.
406 1141 447 1200 Et
460 1158 532 1200 ecce
543 1159 614 1200 mox
622 1149 741 1201 nostrae
749 1137 919 1198 considera·

66 1234 157 1296 tionis
169 1235 339 1313 aspectibus
353 1255 423 1314 grex
437 1236 565 1297 occurrit
575 1236 754 1298 scholarium
765 1237 918 1312 elegorum

66 1329 140 1409 quin
162 1330 262 1410 potius
278 1334 451 1407 electorum,
470 1332 502 1393 in
524 1331 634 1410 quibus
657 1335 740 1394 Deus
761 1331 867 1393 artifex
887 1341 918 1392 et

65 1425 176 1507 ancilla
197 1436 303 1486 natura
330 1445 448 1487 morum
468 1426 650 1505 optimorum
671 1437 702 1488 et
727 1424 918 1487 scientiarum
933 1445 963 1481 ro

66 1521 227 1584 celebrium
250 1524 458 1601 plantaverunt
478 1522 603 1598 radices,
625 1524 680 1584 sed
707 1521 749 1584 ita
767 1521 810 1584 rei
833 1520 916 1583 sami·

65 1617 147 1679 liaris
160 1619 308 1697 oppressit
324 1620 456 1698 penuria,
468 1621 553 1697 quod
566 1621 706 1682 obstante
719 1621 838 1681 fortuna
847 1637 918 1679 con·

65 1715 155 1777 traria
167 1716 282 1777 semina
299 1727 362 1777 tam
374 1718 505 1778 fecunda
517 1716 659 1778 virtutum
673 1715 705 1777 in
719 1719 800 1778 culto
817 1715 919 1777 iuven·

65 1815 139 1876 tutis
152 1834 231 1892 agro,
247 1815 320 1876 roris
342 1815 437 1877 debiti
457 1834 520 1877 non
540 1815 634 1893 rigata
653 1817 761 1890 favore,
784 1833 917 1876 arescere

31 1921 51 1978 6
65 1913 293 1989 compelluntur.
322 1913 393 1989 Quo
403 1913 437 1973 fit
449 1921 482 1972 ut
495 1913 588 1975 lateat
600 1912 633 1973 in
646 1910 780 1974 obscuris
793 1911 916 1972 condita
931 1925 961 1978 ¹5

64 2007 157 2069 virtus
172 2010 260 2084 clara,
273 2019 306 2070 ut
320 2008 418 2070 verbis
433 2009 601 2069 alludamus
616 2008 724 2084 Boetii,
740 2010 917 2070 etardentes

98 2207 113 2260 3
129 2195 177 2246 solo
193 2196 262 2246 modo
278 2197 350 2259 ΑΙΙ4
365 2197 413 2262 qui
427 2197 501 2273 Bll5
517 2197 663 2247 daemonem
676 2196 748 2258 Dii?
763 2195 917 2260 cogitationis

61 2273 103 2337 Ja
114 2277 125 2332 ΙΙ
136 2286 162 2324 11
176 2273 328 2324 daeosedd.
342 2279 352 2332 ll
366 2287 396 2338 13
411 2281 466 2324 tam
477 2275 578 2342 omJa.
590 2275 639 2334 ltin
650 2274 778 2324 incultoA
791 2275 818 2323 E
829 2272 840 2338 ΙΙ

96 2436 190 2487 bonam
200 2434 365 2502 voluntatem]
383 2436 448 2487 Phil.
462 2436 479 2486 i.
493 2446 522 2502 15
533 2454 540 2487 t
552 2437 670 2503 perfici&
686 2437 718 2488 ib.
730 2437 756 2488 ii.
773 2450 812 2502 13.

95 2513 235 2578 elegorum]
252 2513 314 2564 This
333 2514 402 2564 word
424 2514 445 2564 is
463 2515 525 2564 used
543 2515 570 2564 in
586 2514 701 2565 classical
718 2515 795 2565 Latin
813 2514 874 2579 only
891 2524 917 2566 ot

61 2605 164 2642 verses:
180 2606 219 2655 cp.
233 2597 293 2641 note
304 2606 337 2640 on
348 2591 450 2656 Elit'uga
461 2591 487 2640 in
498 2592 538 2642 ch.
552 2592 604 2642 xiii.
619 2608 638 2642 s.
656 2590 709 2642 182.

96 2668 123 2718 iu
134 2667 212 2730 culto]
228 2669 254 2718 A
264 2669 396 2733 quotation
405 2668 470 2720 t'rom
478 2669 521 2720 the
528 2685 682 2734 anonymous
690 2669 780 2719 author
786 2668 814 2720 oi
823 2670 866 2720 the
877 2670 917 2720 Dc

62 2746 184 2796 vanitate
199 2747 351 2806 caminum,
364 2746 423 2796 who
439 2761 502 2810 says,
519 2747 608 2796 “Tria
623 2754 680 2797 sunt
693 2747 815 2797 seminum
825 2762 917 2811 genera

62 2838 128 2888 quae
148 2824 178 2871 in
196 2824 260 2872 culto
276 2823 416 2873 iuventuti}
434 2839 494 2888 agro
511 2824 606 2890 absque
625 2823 803 2874 comitantibus
817 2824 917 2874 zizaniis

62 2899 186 2949 rarissime
197 2897 399 2950 convalescunt.''
427 2900 475 2966 Cp.
490 2901 598 2961 Holkot,
611 2901 638 2950 in
648 2901 707 2965 Sap.
724 2910 767 2964 151
781 2902 818 2962 b.,
829 2911 877 2964 247
888 2901 915 2954 b.

62 2977 120 3027 The
135 2977 196 3028 date
211 2977 327 3042 assigned
345 2984 372 3027 to
391 2977 441 3029 this
458 2978 529 3028 work
542 2979 570 3027 iu
589 2978 703 3039 Warton‚
724 2979 760 3029 ll.
779 2979 810 3030 E.
825 2976 865 3040 1³„
878 2979 915 3031 iii.

65 3062 120 3117 123,
134 3053 245 3118 requires
256 3054 402 3107 correction.

95 3132 184 3192 lateat]
199 3132 225 3181 A
233 3132 365 3197 quotation
373 3131 436 3182 from
448 3132 559 3194 Boetius,
571 3131 612 3183 De
624 3133 726 3183 Consol.
739 3133 804 3184 Phil.
817 3134 833 3184 i.
844 3150 878 3185 m.
890 3144 914 3198 5,

64 3207 167 3258 “Latet
179 3208 291 3259 obscuris
302 3209 404 3260 condita
414 3210 491 3261 virtus
503 3210 579 3260 Clara
590 3211 707 3272 tenebris,
719 3209 848 3278 justusque
859 3213 916 3264 tulit

60 3285 165 3338 Crimen
176 3283 284 3351 iniqui.”
