2324 3982
153 280 200 331 104
447 268 712 322 PHILOBIBLON

149 437 327 499 maticorum
341 437 497 516 antiquata
509 438 665 500 volumina
671 438 840 501 emendatis
848 439 1009 501 codicibus

147 554 291 597 renovare
306 535 485 611 studuimus,
505 547 539 597 ut
552 547 658 597 stratas
678 536 773 615 regias
794 547 1006 611 sterneremus,

148 632 257 709 quibus
277 633 317 694 ad
331 643 408 694 artes
427 652 624 711 quascunque
639 632 735 696 nostri
748 633 839 695 futuri
852 635 1008 697 scholares

149 728 324 792 incederent
337 729 493 792 inoffense.

429 1247 645 1346 Capitulum
668 1272 722 1345 13.

174 1395 302 1491 Quare
321 1421 395 1471 non
413 1398 568 1473 omnino
585 1398 819 1498 negleximus
835 1398 984 1476 fabulas

471 1530 677 1611 poetarum.

78 1701 134 1773 178
149 1683 290 1760 Omnia
305 1717 415 1776 genera
431 1697 638 1760 machinarum
651 1698 761 1778 quibus
779 1710 885 1761 contra
897 1711 1005 1778 poetas
1019 1713 1034 1763 ⁵

148 1791 239 1854 solius
265 1797 365 1857 nudae
393 1797 525 1858 veritatis
552 1809 700 1859 amatores
728 1796 863 1859 obiciunt
889 1798 1005 1876 duplici

147 1891 320 1952 refelluntur
345 1895 486 1970 umbone,
507 1894 579 1972 quia
598 1896 646 1956 vel
668 1893 701 1954 in
724 1896 857 1955 obscena
878 1895 1005 1957 materia

146 1998 247 2066 gratus
261 1992 359 2050 cultus
379 1991 524 2053 sermonis
542 1991 707 2053 addiscitur
720 1993 776 2066 vel,
791 1991 843 2053 ubi
858 1993 927 2052 ficta
948 1995 1004 2054 sed

147 2087 273 2145 honesta
293 2097 435 2148 tractatur
454 2088 610 2162 sententia,
625 2088 766 2148 naturalis
779 2089 829 2149 vel
842 2088 1005 2152 historialis

147 2181 255 2242 veritas
269 2181 427 2261 indagatur
440 2188 497 2247 sub
511 2185 633 2262 eloquio
648 2185 766 2264 typicae
781 2185 917 2246 fictionis.
1018 2196 1050 2231 ¹0

78 2285 134 2344 Ῐ79
188 2280 331 2356 Quamvis
351 2280 493 2342 nimirum
515 2302 620 2344 omnes
641 2283 779 2344 homines
799 2295 907 2345 natura
925 2283 1004 2346 scire

147 2376 326 2452 desiderent,
338 2397 400 2439 non
413 2388 513 2439 tamen
523 2397 628 2440 omnes
639 2379 803 2457 aequaliter
813 2380 1004 2443 delectantur

180 2576 194 2629 7
210 2567 308 2618 obscena
319 2567 436 2630 ingratus
445 2566 485 2631 Ja.
499 2570 510 2623 ΙΙ
524 2578 555 2614 10
564 2565 636 2630 tepiu
646 2566 695 2624 Eu
709 2578 736 2616 11
756 2568 999 2635 naturaliterDJa.

178 2754 270 2798 stratas
279 2747 373 2812 regias}
388 2747 421 2797 In
436 2745 480 2796 the
494 2745 557 2795 later
573 2745 650 2795 Latin
667 2745 711 2796 the
726 2745 846 2797 feminine
856 2753 939 2798 strata
949 2765 1005 2800 was

145 2823 546 2889 commonlyused-strataregin,
555 2823 598 2872 the
606 2823 703 2887 regular
710 2830 773 2873 term
781 2824 819 2873 for
825 2825 894 2874 what
903 2841 941 2875 we
950 2827 1003 2877 stin

144 2903 194 2954 call
201 2904 244 2953 the
255 2899 364 2966 “king's
374 2898 515 2966 highway.'’
554 2900 601 2948 Via
612 2901 682 2964 regia
693 2916 780 2950 occurs
791 2902 817 2951 in
826 2902 869 2951 the
880 2903 1001 2967 vulgate,

145 2981 221 3029 Num.
242 2980 292 3029 xxi.
312 2992 353 3028 22.
390 2979 438 3043 Cp.
459 2978 501 3042 Jo.
524 2977 630 3038 sarisb..
652 2977 785 3042 Metalog..
805 2978 822 3028 i.
847 2977 896 3028 18:
924 2982 1002 3032 “Ars

144 3058 228 3122 itaque
239 3064 276 3106 est
288 3057 359 3121 quasi
370 3063 448 3107 strata
458 3054 560 3120 publica
571 3070 621 3120 qua
632 3054 677 3116 ire,
693 3055 821 3105 ambulare
837 3090 845 3107 .
865 3090 872 3106 .
892 3091 899 3106 .
919 3059 1002 3108 omni·

144 3136 191 3185 bus
203 3135 241 3183 ius
252 3132 317 3183 est.''

177 3213 240 3275 Cap.
258 3210 299 3273 13]
315 3210 387 3260 With
396 3210 445 3259 this
456 3209 529 3274 chap.
539 3225 579 3274 cp.
587 3210 628 3274 Jo.
643 3209 942 3271 Sarisb.‚1³olicrat.‚vii.
959 3224 1000 3265 ια

176 3289 239 3340 scire
250 3286 402 3352 desiderent]
421 3287 468 3352 Cp.
482 3286 522 3338 ch.
536 3287 553 3337 i.
567 3303 586 3338 s.
605 3300 643 3350 14,
656 3293 718 3337 note.
