2324 3982
418 292 646 347 camellos!
658 292 738 345 XIX.
954 306 1002 359 ¹4³

148 480 264 536 camus,
290 460 401 523 librum
420 461 552 540 rliqnem
570 464 828 526 commodandum
853 461 1000 543 petiverit,

149 559 344 621 considerent
354 559 511 638 diligenter
524 561 667 623 mstodes
679 580 720 621 nn
729 560 837 622 librum
851 562 943 621 talem
952 562 1003 622 hs·

149 656 271 719 huerint
283 656 471 736 duplicatum
478 678 488 733 ;
505 669 538 719 et
547 658 573 720 si
583 657 635 733 sic,
645 660 841 720 commodent
850 657 880 719 ei
893 659 1002 719 librum

150 754 293 816 cantione
311 766 441 834 recepta,
460 774 541 834 quse
557 755 666 817 librum
682 755 824 817 traditum
845 755 878 815 in
900 757 1003 817 valore

151 854 344 914 transcendat
354 851 468 915 iudicio
476 854 651 927 eorundem,
658 855 771 930 fiatque
781 852 880 914 statim
891 863 953 913 tam
963 853 1003 915 de
1016 875 1030 926 ς

150 950 293 1011 motione
316 970 407 1028 qnam
432 951 472 1013 de
497 951 575 1012 libro
603 952 796 1012 commodato
823 949 1004 1011 memorialis

151 1047 307 1125 scriptura,
318 1048 475 1110 continens
483 1047 606 1109 nomina
613 1067 807 1126 personarum
812 1067 889 1124 quae
894 1048 1004 1108 librum

150 1147 275 1206 madunt
299 1155 331 1207 et
356 1144 435 1207 illius
461 1145 514 1223 qui
541 1144 653 1224 recipit,
684 1165 755 1207 cum
781 1145 832 1207 die
858 1156 890 1206 et
922 1162 1003 1206 suno

151 1243 280 1305 Domini
293 1263 356 1321 quo
368 1243 522 1322 continget
534 1243 599 1304 fieri
609 1245 845 1305 commodatum.

101 1358 140 1417 tto
192 1341 226 1403 Si
238 1360 312 1402 vero
331 1342 472 1402 custodes
492 1341 668 1416 invenerint,
688 1343 773 1419 quod
792 1341 843 1401 ille
862 1339 938 1401 liber
951 1339 1003 1417 qui
1018 1367 1057 1427 ιο,

149 1439 266 1518 petitur
284 1438 452 1517 duplicatus
472 1458 534 1500 non
553 1439 651 1513 fuerit,
672 1440 763 1499 talem
779 1437 888 1500 librum
909 1439 1004 1498 nullo·

149 1549 241 1599 tenus
255 1539 452 1598 commodent
471 1537 650 1615 cuicunque,
664 1537 723 1598 nisi
741 1537 829 1599 fuerit
846 1537 886 1597 de
908 1536 1004 1597 comi·

149 1635 216 1696 tiva
238 1633 417 1696 scholarium
431 1634 530 1696 dictae
549 1637 644 1710 aulae,
660 1633 717 1695 nisi
737 1636 813 1696 forte
826 1637 867 1697 ad
886 1636 1004 1712 inspec-

148 1732 268 1793 tionem
277 1742 307 1793 et
320 1751 406 1793 usum
420 1732 496 1792 infra
508 1744 612 1810 saepta
625 1734 734 1793 domus
747 1734 796 1793 vel
817 1735 904 1794 aulae
923 1751 1006 1811 prae·

150 1829 261 1902 dictae,
273 1831 329 1891 sed
347 1850 409 1891 non
426 1832 467 1892 ad
486 1830 609 1891 ulterius
623 1831 827 1891 deferendum.
1020 1848 1049 1900 ις

101 1943 133 1999 μ
194 1926 330 1989 Scholari
343 1946 413 1988 vero
427 1926 550 1988 cuilibet
563 1927 736 2004 praedictae
747 1929 833 1988 aulae
847 1927 922 1989 liber
937 1925 1005 2004 qui·

185 2121 250 2172 ode
268 2138 318 2172 om.
338 2121 595 2186 Efl9contingitA
616 2121 657 2187 Ja.
678 2126 689 2180 ΙΙ
709 2134 736 2171 11
754 2120 1004 2172 librumrroncodd.

152 2199 217 2249 dett.
232 2205 242 2258 ΙΙ
256 2211 286 2262 13
297 2201 467 2264 inspectionem
478 2207 502 2250 et
511 2201 536 2249 A
547 2201 574 2250 B
584 2201 755 2265 impectionem
763 2200 800 2249 ad
806 2201 836 2250 D
844 2200 884 2265 Ja.
897 2205 1007 2248 ctutum

152 2277 242 2342 scripsi
254 2282 264 2335 ΙΙ
278 2287 307 2341 15
318 2278 450 2327 scolarium
458 2278 499 2342 Ja.
513 2281 524 2336 ΙΙ

154 2469 217 2503 vero
232 2453 320 2504 haeres
338 2460 364 2503 et
384 2451 509 2502 masculus
531 2451 667 2502 secundum
687 2452 809 2517 quosdam
828 2452 862 2502 nd
883 2451 953 2518 paris
971 2453 1008 2503 iu·

155 2529 298 2582 dicantur.'’

188 2613 304 2663 cautione
315 2612 425 2677 recepta]
450 2611 507 2661 The
517 2612 626 2676 practice
637 2611 667 2661 of
674 2611 763 2674 taking
773 2628 789 2661 a
799 2610 890 2677 pledge
900 2627 930 2661 or
939 2611 1008 2661 bond

156 2706 190 2742 on
198 2691 302 2755 lending
310 2691 387 2741 MSS.
398 2705 449 2740 was
460 2689 594 2753 extremely
602 2704 718 2739 common
727 2689 879 2753 throughout
886 2689 1010 2740 medieval

156 2769 237 2820 times.
272 2769 343 2818 Thus
360 2769 403 2818 the
419 2768 491 2817 Prior
506 2768 557 2816 and
573 2769 690 2817 Convent
706 2767 735 2816 os
752 2767 866 2815 Durham
885 2767 960 2816 made
976 2781 1010 2816 an

156 2847 231 2897 order
246 2847 273 2896 in
292 2854 354 2910 1235
368 2863 375 2895 r
395 2846 414 2871 “
425 2852 545 2896 statutum
561 2851 599 2894 est
616 2879 623 2894 .
641 2877 648 2892 .
667 2878 674 2892 .
691 2851 718 2893 ut
735 2843 818 2892 nullus
834 2843 897 2894 liber
912 2859 1010 2894 accom-

158 2925 275 2975 modetur
291 2922 365 2974 alicui
381 2939 426 2988 per
442 2922 582 2972 Librarium
599 2921 640 2971 vel
656 2936 702 2985 per
718 2920 803 2980 alium,
822 2920 870 2969 nisi
889 2921 1010 2985 receperit

160 3001 305 3052 memoriale
322 3000 502 3065 aequipollens,
521 3000 571 3049 nisi
590 2998 664 3048 fuerit
681 2997 715 3046 nd
736 2997 884 3046 instanciam
906 2997 1011 3046 Domini

159 3076 307 3144 Episcopi.”
339 3077 453 3127 Durhnm
470 3077 631 3140 Cardogues,
642 3091 667 3139 p.
684 3086 750 3134 1213
767 3089 806 3138 cp.
820 3089 846 3138 p.
862 3085 908 3124 122
919 3073 1012 3125 sorthc

158 3156 221 3206 form
233 3156 262 3206 of
270 3156 358 3206 suche
367 3155 445 3205 bond.

189 3233 370 3298 inspectionem
386 3239 411 3282 et
427 3230 510 3293 nsum]
527 3231 583 3280 Τὴο
599 3228 771 3293 inspectionem
787 3234 812 3277 et
827 3226 857 3276 os
874 3226 918 3277 the
934 3226 1012 3278 MSS.

159 3313 242 3377 points
252 3318 280 3362 to
290 3326 323 3361 sn
334 3309 453 3360 omission
463 3309 515 3359 and
526 3308 539 3359 1
554 3307 619 3358 have
629 3306 745 3372 supplied
756 3321 831 3355 urunt
841 3322 849 3356 z
865 3319 904 3370 cp.
919 3320 939 3357 s.
952 3300 1009 3367 238.
