2324 3982
296 233 297 236 ¹
403 271 667 326 enitonlntou
695 286 700 293 ·

388 659 604 759 Capitulum
627 685 683 756 14.

171 835 248 931 Qui
266 835 406 910 debent
423 861 508 912 esse
525 836 705 911 librorum
722 837 912 935 potissimi

433 961 640 1038 dilectores.

38 1173 94 1232 186
111 1159 358 1262 Recolligenti
378 1171 531 1249 praedicta
548 1172 647 1250 palam
661 1182 750 1234 estet
770 1171 964 1252 perspicuum

108 1269 160 1348 qui
188 1272 330 1333 deberent
354 1289 420 1331 esse
440 1267 583 1331 librorum
610 1268 764 1350 praecipui
791 1269 961 1332 dilectores.

108 1366 170 1445 Qui
191 1388 322 1446 namque
346 1365 491 1445 sapientia
511 1366 605 1446 magis
628 1379 715 1447 egent
736 1368 776 1428 ad
799 1367 846 1428 sui
869 1378 963 1429 status

108 1464 240 1526 officium
254 1464 365 1527 utiliter
379 1465 613 1542 exsequendum,
623 1464 655 1525 hi
668 1463 860 1543 potissimum
871 1465 963 1526 sacris

106 1562 185 1624 vasis
212 1562 375 1642 sapientiae
402 1561 627 1640 propensiorem
655 1560 855 1640 proculdubio
884 1561 989 1627 exhi-5

106 1660 177 1720 bere
191 1669 330 1720 tenentur
343 1657 504 1720 sollicitum
515 1657 591 1737 grati
600 1657 699 1719 cordis
712 1661 865 1719 affectum.
908 1660 963 1719 Est

107 1765 209 1818 autem
236 1755 378 1834 sapientis
405 1755 536 1817 officium
563 1757 641 1818 bene
667 1754 804 1816 ordinare
832 1766 863 1816 et
887 1755 963 1817 alios

107 1863 137 1913 et
164 1852 312 1930 seipsum:
335 1853 501 1914 secundum
522 1853 681 1914 Phoebum
701 1852 960 1930 philosophorum,

106 1948 308 2024 Aristotelem,
335 1949 433 2027 primo
464 1950 698 2029 Metaphysicae,
728 1948 780 2027 qui
807 1969 866 2011 nec
886 1949 962 2010 fallit

107 2065 165 2107 nec
178 2046 287 2107 fallitur
304 2047 335 2106 in
356 2047 505 2121 humanis.
547 2048 737 2125 Quapropter
757 2046 909 2125 principes
932 2057 962 2107 et
976 2060 1005 2095 10

105 2142 238 2221 praelati,
255 2142 369 2204 iudices
390 2154 421 2204 et
434 2145 573 2205 doctores
587 2155 617 2204 et
638 2143 808 2221 quicunque
822 2143 865 2204 rei
885 2145 962 2220 pub·

105 2239 181 2301 licae
208 2240 378 2314 directores,
408 2238 484 2301 sicut
512 2260 583 2319 prae
606 2239 671 2300 aliis
699 2239 847 2317 sapientia
881 2261 961 2318 opus

105 2339 224 2413 habent,
241 2337 283 2399 ita
296 2358 366 2416 prae
380 2337 445 2398 aliis
456 2337 534 2399 vasis
548 2336 712 2415 sapientiae
726 2339 824 2398 zelum
839 2338 962 2399 debent.

139 2561 149 2597 1
169 2555 193 2598 et
209 2565 259 2598 om.
275 2549 352 2599 Coch.
365 2554 374 2607 ll
385 2563 402 2611 4
407 2549 535 2613 potissimi
547 2550 575 2599 D
586 2554 596 2608 ΙΙ
608 2561 624 2612 9
639 2550 763 2614 prooemio
782 2551 840 2599 edd.
858 2551 898 2614 Ja.
913 2552 941 2600 E
952 2556 961 2608 ΙΙ

106 2638 136 2674 12
146 2627 204 2676 alri's
215 2628 282 2676 varis
292 2627 471 2692 sapimtrluJa
483 2632 492 2684 ll
507 2640 536 2691 13
545 2628 630 2677 debent
640 2627 728 2676 habere
738 2627 815 2691 vulgo
826 2633 836 2685 ΙΙ

136 2821 308 2881 Aristotelem]
325 2821 387 2870 Met.
401 2819 417 2870 i.
433 2833 459 2869 2:
471 2820 500 2870 οὐ
511 2821 559 2884 γὰρ
570 2818 621 2870 δεῖν
634 2818 804 2871 ἐπιτάττεσθαι
815 2819 861 2870 τὸν
873 2820 961 2884 σοφὸν,

103 2895 160 2946 ἀλλ’
172 2896 317 2958 ἐπιτάττειν,
325 2898 364 2946 rai
376 2898 404 2946 οὐ
416 2900 506 2948 τοῦτον
517 2897 590 2962 ἐτέρῷ
602 2896 811 2959 τείθεσθαι,άλλὰ
822 2896 902 2962 τούτῳ
914 2897 961 2947 τὸν

102 2975 179 3032 ἦττον
191 2975 274 3038 σοφόν.

134 3069 180 3104 nec
197 3054 272 3114 fallit]
289 3054 337 3118 Cp.
356 3052 506 3110 Macrobius,
522 3054 552 3102 C.
571 3053 597 3101 in
615 3052 701 3101 Somn.
717 3051 797 3116 Scip,
811 3052 827 3100 i.
839 3051 863 3101 6.
878 3051 919 3113 64,
934 3052 965 3101 of

103 3131 289 3194 Hippocrates:
316 3132 388 3194 “qui
411 3144 463 3179 tam
485 3130 571 3179 fallere
593 3145 668 3193 quam
691 3129 744 3178 salli
761 3127 868 3179 nescit.’'
901 3130 958 3180 The

100 3208 190 3270 phrase
197 3223 283 3257 occurs
292 3209 374 3271 again,
384 3215 448 3272 post,
459 3223 478 3256 s.
490 3216 534 3269 195
547 3225 554 3256 t
575 3209 592 3232 “
600 3223 664 3270 quae
672 3222 717 3256 nec
729 3206 794 3257 fallit
805 3221 851 3256 nec
862 3205 958 3255 fallitur

99 3281 218 3333 veritas.”
