2324 3982
243 301 290 352 116
540 297 802 350 PHILoBIBLON

241 480 287 532 est
300 469 435 530 eiusdem
452 467 583 529 hominis
600 487 708 529 aureos
727 487 868 528 nummos
886 477 917 528 et
937 465 1102 545 scripturas

242 569 376 646 probare.
413 567 539 629 Undea
555 567 689 644 quodam
706 564 830 627 metrice
843 565 888 626 sic
901 564 1020 627 dictum
1033 576 1099 627 est:

341 739 420 790 Nulla
430 739 500 790 libris
510 739 558 790 erit
569 746 629 804 apta
639 755 728 790 manus
738 739 862 804 ferrugine
872 738 961 800 tincta,

373 819 429 868 Nec
440 824 570 867 nummata
579 823 674 882 queunt
684 817 760 867 corda
771 833 860 868 vacare
870 816 951 867 libris.

340 895 400 946 Non
411 901 449 946 est
460 894 570 944 eiusdem
581 909 698 944 nummos
708 894 834 959 librosque
845 895 970 958 probare3
1114 908 1126 958 ς

372 973 530 1037 Persequitur
540 972 618 1022 libros
628 987 696 1036 grex,
712 972 827 1036 Epicure,
840 978 905 1022 tuus.

341 1050 367 1098 N
369 1050 520 1115 ommipetae
532 1065 589 1099 cum
599 1048 719 1099 libricolis
729 1056 855 1114 nequeunt
865 1047 941 1098 simul
951 1063 1024 1110 essu

374 1127 479 1188 Ambos,
493 1128 567 1178 erede
578 1127 648 1188 mihi,
660 1142 712 1177 non
724 1132 791 1176 tenet
801 1142 851 1176 una
862 1126 959 1176 domus.

245 1297 353 1356 Nullus
366 1294 456 1374 igitur
468 1305 567 1372 potest
580 1293 661 1355 libris
676 1304 706 1354 et
719 1296 914 1354 Mammonae
926 1293 1086 1355 deservire.

176 1415 230 1476 195
285 1391 436 1452 Vitiorum
449 1390 623 1452 deformitas
632 1390 662 1451 in
676 1390 758 1451 libris
772 1388 900 1451 maxime
914 1392 1098 1468 reprobatur,
1114 1418 1140 1452 ro

245 1501 279 1551 ut
300 1488 459 1551 inducatur
475 1488 651 1550 omnimode
671 1486 744 1548 vitia
764 1486 912 1561 detestari,
935 1486 988 1565 qui
1008 1486 1100 1549 libros

246 1587 383 1648 dilexerit
396 1585 566 1664 perscutari.
602 1588 750 1659 Daemon,
761 1582 978 1662 quiascientia
986 1603 1101 1647 nomen

246 1683 345 1758 habet,
365 1703 419 1761 per
435 1682 577 1742 librorum
593 1680 748 1742 scientiam
767 1681 922 1760 potissime
937 1679 1102 1760 triumpha·

247 1791 302 1855 tur,
324 1779 408 1841 cuius
430 1781 547 1840 fraudes
565 1778 767 1858 multipliciter
786 1781 937 1840 flexuosae
957 1779 1102 1858 milleque

247 1875 406 1954 perniciosi
427 1873 581 1937 maeandri
595 1895 648 1953 per
668 1865 771 1936 libros
782 1876 955 1954 panduntur
974 1875 1139 1956 legenti-15

281 2069 296 2105 2
318 2058 412 2105 dt'ctum
434 2063 468 2105 est
490 2073 540 2105 om.
565 2057 591 2106 E
609 2054 619 2119 ΙΙ
639 2066 652 2120 5
673 2072 747 2106 non.
769 2092 775 2106 .
797 2091 804 2104 .
828 2062 888 2105 tum
909 2071 959 2105 om.
991 2055 1071 2106 Coch.
1092 2060 1102 2114 ΙΙ

250 2144 264 2196 7
276 2135 438 2183 nummicolae
447 2135 487 2198 Ja.
502 2139 511 2191 ll
523 2146 538 2196 9
550 2150 606 2197 ergo
613 2135 640 2182 E
651 2135 707 2183 edd.
721 2134 813 2183 servire
824 2134 880 2184 edd.
896 2138 906 2192 [Ι
922 2147 950 2184 11
963 2141 986 2184 et
997 2135 1101 2185 induco·

248 2219 293 2262 tur
305 2213 369 2262 But
384 2212 441 2260 inde
456 2212 555 2260 dicatur
564 2211 622 2260 edd.
637 2215 646 2268 ΙΙ

282 2376 361 2427 Nulla
371 2376 451 2438 libris]
468 2377 524 2426 The
537 2375 601 2425 lines
617 2391 660 2426 are
676 2375 741 2425 from
755 2375 799 2426 the
813 2374 973 2436 Eutkctictea
985 2391 1016 2425 or
1026 2374 1102 2426 intro·

249 2455 353 2518 ductory
363 2470 445 2504 verses
456 2461 482 2503 to
492 2454 535 2502 the
552 2454 714 2502 Policraticon
729 2452 759 2502 of
769 2452 838 2516 John
848 2452 877 2502 of
892 2452 1030 2516 Salisbury,
1044 2452 1103 2514 269·

250 2542 305 2593 272,
320 2531 376 2590 281,
391 2531 445 2581 282.
482 2531 544 2580 This
561 2531 631 2580 worlr
648 2539 714 2580 must
730 2531 763 2580 be
779 2530 962 2594 distinguished
978 2530 1044 2580 from
1061 2531 1103 2580 the

250 2611 406 2671 Enthcticus,
419 2611 460 2658 De
470 2610 579 2673 dogmate
586 2609 800 2674 philosophorum,
811 2609 908 2674 though
921 2608 980 2673 they
991 2624 1034 2659 are
1045 2624 1103 2658 con·

249 2688 359 2737 founded
369 2688 404 2751 by
416 2687 505 2750 Hardy
513 2687 540 2734 in
550 2687 590 2735 his
600 2687 754 2751 Descn'ptive
766 2687 904 2750 Catalogm,
915 2687 941 2735 ii.
954 2686 1013 2748 418.
1038 2686 1104 2736 Both

250 2782 323 2816 occur
340 2766 367 2814 in
383 2765 425 2814 the
443 2765 543 2813 volume
560 2764 692 2814 described
707 2764 734 2813 in
751 2764 795 2815 the
811 2763 981 2815 introduction
998 2780 1027 2815 as
1043 2779 1104 2814 once

251 2843 386 2906 belonging
397 2850 423 2890 to
435 2843 476 2890 De
488 2842 562 2905 Bury.

284 2919 454 2979 Mammonae]
472 2919 518 2982 Cp.
531 2919 604 2968 Matt
618 2918 651 2967 vi.
666 2930 705 2980 24.

283 3015 297 3047 a
308 2996 421 3058 scientia]
438 2997 486 3059 Cp.
496 2997 560 3059 Aug.
573 2997 614 3044 De
626 2995 680 3045 Ciu.
692 2995 750 3056 Dei,
763 2995 796 3046 ix.
812 3006 862 3046 20:
882 2995 1029 3061 “Aaipovec
1040 2995 1103 3046 enim

250 3076 374 3134 dicuntur,
394 3074 511 3138 qnoniam
533 3073 683 3123 vocabulum
705 3074 830 3125 Graecum
849 3079 899 3134 est,
919 3074 955 3124 ob
977 3073 1104 3125 scientiam

251 3149 400 3202 nominati.’'

283 3228 421 3288 maeandri]
440 3229 486 3292 Cp.
501 3225 594 3287 Wiclif,
609 3228 649 3278 De
662 3227 766 3292 Septem
777 3228 868 3292 Donis,
881 3228 922 3280 ed.
936 3229 1103 3294 Buddensieg,

253 3322 276 3369 p.
293 3305 340 3368 556
352 3323 357 3354 ι
377 3305 516 3353 “meandri
527 3305 596 3354 mille
608 3304 756 3356 anticristi.”
