2324 3982
394 277 620 334 CAPITULUM
636 280 661 334 Ι.
924 292 955 346 13

102 455 184 507 caret
196 445 291 521 socio,
304 465 367 511 non
384 457 503 511 constat
523 467 589 511 esse
602 447 741 524 iocunda,
763 449 802 512 de
815 469 875 527 qua
895 468 953 514 uec

102 540 186 604 visus
212 542 328 608 iudicat
354 562 412 607 nec
440 544 571 609 auditus
621 545 740 609 Veritas
774 564 846 609 vero
871 546 954 611 vocis

103 638 161 700 soli
180 651 265 718 patet
285 639 410 716 auditui,
431 640 528 702 visum
548 644 654 716 latens,
675 642 728 720 qui
748 645 847 721 plures
866 643 955 708 nobis

103 734 286 799 differentias
301 757 400 801 rerum
417 749 570 814 monsnat,
591 740 738 817 affixaque
760 739 955 806 subtilissimo

51 851 88 913 25
103 833 199 896 motui
217 833 323 913 incipit
343 845 374 896 et
391 834 501 897 desinit
520 835 607 913 quasi
627 835 723 898 simul
766 838 826 899 Sed
846 837 981 921 veritas5

103 929 214 1008 scripta
226 930 300 1006 libri,
316 950 379 995 non
393 931 562 995 successiva
580 933 634 996 sed
648 952 834 1010 permanens,
854 935 953 1011 palam

102 1047 137 1088 se
150 1029 272 1105 praebet
285 1026 421 1106 aspectui
434 1039 466 1090 et
479 1047 533 1107 per
553 1029 724 1107 sphaerulas
744 1029 861 1108 pervias
881 1049 953 1093 ocu·

101 1127 209 1201 lorum,
224 1125 371 1188 vestibula
385 1145 490 1189 sensus
508 1127 721 1191 communiret
735 1127 954 1207 imaginationis

102 1221 177 1284 atria
197 1222 352 1299 transiens,
365 1224 530 1286 thalamum
549 1224 718 1291 intellectus
736 1222 909 1304 ingreditur,
922 1224 954 1289 in

102 1319 194 1381 cubili
208 1319 370 1383 memoriae
384 1341 416 1385 se
435 1323 613 1397 recondens,
628 1320 681 1383 ubi
700 1333 852 1386 aeternam
873 1343 953 1386 men
968 1354 998 1390 ιο

102 1416 140 1478 tis
154 1428 336 1496 congenerat·
347 1417 513 1484 veritatem.

51 1514 89 1570 26
144 1517 299 1576 Postremo
326 1517 524 1594 pensandum,
548 1525 662 1595 quanta
686 1515 841 1579 doctrinae
870 1536 952 1580 com·

103 1611 232 1673 moditas
254 1612 293 1674 sit
316 1612 349 1674 in
372 1613 464 1688 libris,
483 1634 575 1692 quam
595 1612 697 1689 facilis,
721 1633 812 1692 quam
834 1633 952 1678 arcana.

102 1710 202 1785 Quam
227 1719 292 1770 tuto
315 1709 398 1772 libris
419 1712 569 1775 humanae
590 1709 775 1789 ignorantiae
797 1721 953 1789 pauperta-

102 1816 164 1867 tem
176 1805 241 1869 sine
254 1806 436 1871 verecundia
445 1807 655 1871 denudamusr
680 1808 722 1869 Hi
739 1820 808 1870 sunt
821 1808 952 1888 magistri
967 1836 996 1887 ις

102 1901 225 1980 quinos
239 1903 389 1966 instruunt
403 1904 468 1966 sine
483 1903 573 1984 virgis
591 1915 622 1966 et
644 1906 747 1980 ferula,
770 1904 834 1968 sine
854 1906 952 1970 verbis

103 2013 134 2065 et
160 2002 290 2077 cholera,
316 2001 380 2063 sine
400 2001 508 2080 pannis
532 2012 563 2065 et
585 2002 724 2081 pecunia.
765 2003 796 2068 Si
823 2003 952 2081 accedia,

139 2192 149 2229 1
156 2180 294 2244 secundam
301 2179 376 2244 vulgo
387 2183 398 2238 ll
408 2179 538 2242 4ostmdit
547 2179 605 2229 edd.
614 2179 750 2245 affliximus
760 2181 784 2231 A
794 2185 804 2239 ll
812 2189 826 2244 5
835 2181 952 2232 sinrr'lr'ter

99 2255 139 2320 Ja.
155 2261 164 2314 ΙΙ
178 2267 192 2319 7
203 2257 344 2321 spirituales
359 2257 415 2305 virts
425 2257 552 2306 oculorum
562 2257 620 2306 edd.
634 2257 739 2321 speculis
744 2259 836 2322 pervia
846 2271 861 2307 2
873 2257 908 2316 118
924 2274 954 2308 ac

101 2346 187 2382 sensus
206 2333 263 2383 edd.
276 2337 287 2391 ΙΙ
306 2346 338 2382 ιο
351 2332 428 2381 cubile
444 2332 520 2398 vulgo
528 2338 538 2391 ΙΙ
555 2345 582 2382 11
599 2339 746 2396 cognoverat
759 2337 794 2392 all
809 2343 837 2398 15
858 2334 955 2387 Olr'bn'

102 2411 134 2460 1ιί
143 2411 170 2461 E
180 2411 222 2459 Hi
229 2411 334 2476 lewa.
349 2415 359 2469 ll
372 2410 402 2460 16
412 2417 435 2460 et
441 2409 535 2475 ferula.
545 2411 598 2460 sine
611 2411 690 2464 verbr's
702 2427 753 2462 orn.
770 2412 810 2478 Ja.
823 2417 833 2470 ΙΙ

134 2593 220 2627 sensus
236 2576 386 2639 communis]
405 2576 453 2628 See
471 2577 556 2641 Roget
573 2576 679 2627 Bacon’s
689 2587 795 2629 account
807 2579 837 2629 of
843 2579 952 2632 Sa'enot

94 2656 254 2720 perspectiva,
268 2655 319 2720 Op,
334 2655 408 2719 Maj„
422 2670 488 2719 pars.
500 2671 524 2716 v,
538 2653 577 2705 sor
586 2653 628 2704 the
639 2662 695 2720 part
707 2655 800 2720 played
811 2656 837 2705 in
848 2672 952 2723 pereep-

100 2733 154 2782 tion
171 2733 205 2796 by
218 2733 393 2795 “imaginatio
408 2738 433 2782 et
452 2747 537 2784 sensus
553 2731 692 2782 communis
702 2730 717 2755 ”
734 2734 769 2798 (p.
786 2734 850 2796 192).
884 2735 953 2800 John

101 2810 134 2859 de
156 2809 292 2860 Garlandia
311 2825 366 2874 says
382 2809 409 2861 in
430 2808 470 2858 his
488 2809 675 2860 Dictionarius:
705 2811 723 2837 ‘⁴
736 2810 767 2859 In
785 2811 887 2860 cerebro
905 2813 952 2863 sub

101 2902 191 2936 craneo
208 2893 257 2936 tres
270 2892 327 2937 sunt
347 2886 459 2939 cellulae..
502 2887 587 2937 Prima
605 2893 642 2937 est
660 2886 823 2952 ymaginarie,
842 2889 952 2940 secunda

100 2964 235 3023 rationalis,
249 2964 322 3014 tertia
332 2960 511 3023 memorialis‚”
524 2964 564 3013 ed.
579 2963 690 3023 Scheler,
705 2980 731 3029 p.
746 2976 785 3014 22.

132 3041 232 3106 pannis]
248 3041 332 3091 There
343 3056 400 3104 may
408 3040 440 3090 be
451 3055 520 3090 some
531 3040 655 3091 reference
667 3048 694 3091 to
704 3041 747 3091 the
758 3040 918 3094 distribution
926 3044 955 3095 of

100 3119 181 3178 robes,
199 3118 281 3168 which
297 3133 347 3168 was
364 3118 485 3183 expected
500 3119 527 3167 in
544 3117 676 3169 mediaeval
692 3119 765 3169 times
782 3118 846 3169 from
864 3137 897 3170 an
914 3122 952 3172 in-

100 3195 201 3259 cepting
211 3204 304 3244 master
314 3201 340 3244 at
351 3194 395 3244 the
407 3193 587 3245 Universitiesr
606 3210 645 3260 cp.
660 3195 780 3247 Maxwell
792 3197 864 3262 Lyte,
880 3199 949 3254 Hist.

100 3273 178 3324 Uuiv.
192 3272 296 3333 Oxlord,
310 3281 378 3337 2155
395 3271 499 3337 Austey,
513 3273 586 3327 Mun.
599 3272 692 3335 Acad,
698 3273 805 3341 passim.
945 3277 947 3281 ’
