<?xml version="1.0" encoding="UTF-8"?>
<!DOCTYPE html PUBLIC "-//W3C//DTD XHTML 1.0 Transitional//EN"
    "http://www.w3.org/TR/xhtml1/DTD/xhtml1-transitional.dtd">
<html xmlns="http://www.w3.org/1999/xhtml" xml:lang="en" lang="en">
 <head>
  <title>
</title>
<meta http-equiv="Content-Type" content="text/html;charset=utf-8" />
  <meta name='ocr-system' content='tesseract 3.04.00' />
  <meta name='ocr-capabilities' content='ocr_page ocr_carea ocr_par ocr_line ocrx_word'/>
</head>
<body>
  <div class='ocr_page' id='page_1' title='image "./philobiblonrich00thomgoog_0202.png"; bbox 0 0 2324 3982; ppageno 0'>
   <div class='ocr_carea' id='block_1_1' title="bbox 426 267 1005 331">
    <p class='ocr_par' dir='ltr' id='par_1_1' title="bbox 426 267 1005 331">
     <span class='ocr_line' id='line_1_1' title="bbox 426 267 1005 331; baseline -0.005 -12"><span class='ocrx_word' id='word_1_1' title='bbox 426 267 654 320; x_wconf 83' lang='lat' dir='ltr'><em>CAPITULUM</em></span> <span class='ocrx_word' id='word_1_2' title='bbox 670 267 732 319; x_wconf 86' lang='lat' dir='ltr'><strong>XV.</strong></span> <span class='ocrx_word' id='word_1_3' title='bbox 958 278 1005 331; x_wconf 81' lang='lat'><strong>1¹³</strong></span> 
     </span>
    </p>
   </div>
   <div class='ocr_carea' id='block_1_2' title="bbox 150 434 1032 1198">
    <p class='ocr_par' dir='ltr' id='par_1_2' title="bbox 150 434 1032 1198">
     <span class='ocr_line' id='line_1_2' title="bbox 150 434 1004 516; baseline -0.001 -17"><span class='ocrx_word' id='word_1_4' title='bbox 150 436 272 516; x_wconf 88' lang='lat' dir='ltr'><strong>spiritus</strong></span> <span class='ocrx_word' id='word_1_5' title='bbox 289 437 464 500; x_wconf 85' lang='lat' dir='ltr'><strong>alimentum</strong></span> <span class='ocrx_word' id='word_1_6' title='bbox 487 436 672 498; x_wconf 90' lang='lat' dir='ltr'><strong>cotidianum</strong></span> <span class='ocrx_word' id='word_1_7' title='bbox 695 435 803 515; x_wconf 89' lang='lat' dir='ltr'><strong>iugiter</strong></span> <span class='ocrx_word' id='word_1_8' title='bbox 825 455 891 498; x_wconf 90' lang='lat' dir='ltr'><strong>esse</strong></span> <span class='ocrx_word' id='word_1_9' title='bbox 910 434 1004 513; x_wconf 89' lang='lat' dir='ltr'><strong>iussit,</strong></span> 
     </span>
     <span class='ocr_line' id='line_1_3' title="bbox 150 534 1005 612; baseline -0.001 -16"><span class='ocrx_word' id='word_1_10' title='bbox 150 554 214 612; x_wconf 91' lang='lat' dir='ltr'><strong>quo</strong></span> <span class='ocrx_word' id='word_1_11' title='bbox 228 534 409 597; x_wconf 80' lang='lat' dir='ltr'>refocillatus</span> <span class='ocrx_word' id='word_1_12' title='bbox 422 534 590 596; x_wconf 88' lang='lat' dir='ltr'><strong>intellectus</strong></span> <span class='ocrx_word' id='word_1_13' title='bbox 605 553 662 596; x_wconf 92' lang='lat' dir='ltr'><strong>nec</strong></span> <span class='ocrx_word' id='word_1_14' title='bbox 681 534 796 596; x_wconf 90' lang='lat' dir='ltr'><strong>enervis</strong></span> <span class='ocrx_word' id='word_1_15' title='bbox 818 554 875 595; x_wconf 92' lang='lat' dir='ltr'><strong>nec</strong></span> <span class='ocrx_word' id='word_1_16' title='bbox 895 534 1005 596; x_wconf 88' lang='lat' dir='ltr'><strong>dubius</strong></span> 
     </span>
     <span class='ocr_line' id='line_1_4' title="bbox 150 631 1007 711; baseline -0.002 -16"><span class='ocrx_word' id='word_1_17' title='bbox 150 633 314 710; x_wconf 82' lang='lat' dir='ltr'><strong>trepidaret</strong></span> <span class='ocrx_word' id='word_1_18' title='bbox 334 635 483 695; x_wconf 90' lang='lat' dir='ltr'><strong>ullatenus</strong></span> <span class='ocrx_word' id='word_1_19' title='bbox 504 632 536 693; x_wconf 90' lang='lat' dir='ltr'><strong>in</strong></span> <span class='ocrx_word' id='word_1_20' title='bbox 564 631 695 711; x_wconf 85' lang='lat' dir='ltr'>agendis.</span> <span class='ocrx_word' id='word_1_21' title='bbox 740 634 827 693; x_wconf 91' lang='lat' dir='ltr'><strong>Istud</strong></span> <span class='ocrx_word' id='word_1_22' title='bbox 855 633 1007 711; x_wconf 86' lang='lat' dir='ltr'><strong>eleganter</strong></span> 
     </span>
     <span class='ocr_line' id='line_1_5' title="bbox 152 727 1005 808; baseline -0.002 -18"><span class='ocrx_word' id='word_1_23' title='bbox 152 731 285 790; x_wconf 89' lang='lat' dir='ltr'><strong>Ioannes</strong></span> <span class='ocrx_word' id='word_1_24' title='bbox 306 729 535 792; x_wconf 89' lang='lat' dir='ltr'><strong>Saresberiensis</strong></span> <span class='ocrx_word' id='word_1_25' title='bbox 558 739 719 808; x_wconf 88' lang='lat' dir='ltr'><strong>pertractat</strong></span> <span class='ocrx_word' id='word_1_26' title='bbox 741 728 773 789; x_wconf 91' lang='lat' dir='ltr'><strong>in</strong></span> <span class='ocrx_word' id='word_1_27' title='bbox 798 748 854 790; x_wconf 93' lang='lat' dir='ltr'><strong>suo</strong></span> <span class='ocrx_word' id='word_1_28' title='bbox 874 727 1005 789; x_wconf 91' lang='lat' dir='ltr'><strong>Policra·</strong></span> 
     </span>
     <span class='ocr_line' id='line_1_6' title="bbox 151 825 1032 905; baseline -0.003 -17"><span class='ocrx_word' id='word_1_29' title='bbox 151 825 244 901; x_wconf 90' lang='lat' dir='ltr'><strong>ticon,</strong></span> <span class='ocrx_word' id='word_1_30' title='bbox 259 826 335 888; x_wconf 93' lang='lat' dir='ltr'><strong>libro</strong></span> <span class='ocrx_word' id='word_1_31' title='bbox 355 832 395 902; x_wconf 88' lang='grc'><strong>40.</strong></span> <span class='ocrx_word' id='word_1_32' title='bbox 438 828 598 889; x_wconf 89' lang='lat' dir='ltr'><strong>Caeterum</strong></span> <span class='ocrx_word' id='word_1_33' title='bbox 617 846 707 889; x_wconf 90' lang='lat' dir='ltr'><strong>omne</strong></span> <span class='ocrx_word' id='word_1_34' title='bbox 727 846 821 905; x_wconf 91' lang='lat' dir='ltr'><strong>genus</strong></span> <span class='ocrx_word' id='word_1_35' title='bbox 838 825 1032 900; x_wconf 80' lang='lat' dir='ltr'><strong>hominum‚5</strong></span> 
     </span>
     <span class='ocr_line' id='line_1_7' title="bbox 151 923 1006 1003; baseline 0 -19"><span class='ocrx_word' id='word_1_36' title='bbox 151 923 206 1002; x_wconf 90' lang='lat' dir='ltr'><strong>qui</strong></span> <span class='ocrx_word' id='word_1_37' title='bbox 224 935 346 985; x_wconf 85' lang='lat' dir='ltr'><strong>tonsura</strong></span> <span class='ocrx_word' id='word_1_38' title='bbox 366 927 414 985; x_wconf 89' lang='lat' dir='ltr'><strong>vel</strong></span> <span class='ocrx_word' id='word_1_39' title='bbox 435 923 521 1003; x_wconf 86' lang='lat' dir='ltr'><strong>signo</strong></span> <span class='ocrx_word' id='word_1_40' title='bbox 538 923 668 985; x_wconf 88' lang='lat' dir='ltr'><strong>clericali</strong></span> <span class='ocrx_word' id='word_1_41' title='bbox 686 926 880 1003; x_wconf 85' lang='lat' dir='ltr'><strong>praefulgent,</strong></span> <span class='ocrx_word' id='word_1_42' title='bbox 901 936 1006 985; x_wconf 88' lang='lat' dir='ltr'><strong>contra</strong></span> 
     </span>
     <span class='ocr_line' id='line_1_8' title="bbox 151 1019 1005 1100; baseline -0.001 -18"><span class='ocrx_word' id='word_1_43' title='bbox 151 1040 231 1100; x_wconf 88' lang='lat' dir='ltr'><strong>quos</strong></span> <span class='ocrx_word' id='word_1_44' title='bbox 250 1021 318 1082; x_wconf 93' lang='lat' dir='ltr'><strong>libri</strong></span> <span class='ocrx_word' id='word_1_45' title='bbox 339 1027 371 1096; x_wconf 87' lang='lat'><strong>4⁰</strong></span> <span class='ocrx_word' id='word_1_46' title='bbox 391 1028 423 1100; x_wconf 83' lang='lat'><strong>5⁰</strong></span> <span class='ocrx_word' id='word_1_47' title='bbox 440 1033 471 1084; x_wconf 89' lang='lat' dir='ltr'><strong>et</strong></span> <span class='ocrx_word' id='word_1_48' title='bbox 490 1025 521 1082; x_wconf 85' lang='lat'><strong>6⁰</strong></span> <span class='ocrx_word' id='word_1_49' title='bbox 537 1021 676 1099; x_wconf 91' lang='lat' dir='ltr'><strong>capitulis</strong></span> <span class='ocrx_word' id='word_1_50' title='bbox 694 1023 902 1100; x_wconf 89' lang='lat' dir='ltr'><strong>querebantur,</strong></span> <span class='ocrx_word' id='word_1_51' title='bbox 924 1019 1005 1082; x_wconf 82' lang='lat' dir='ltr'><strong>libris</strong></span> 
     </span>
     <span class='ocr_line' id='line_1_9' title="bbox 151 1118 812 1198; baseline -0.002 -17"><span class='ocrx_word' id='word_1_52' title='bbox 151 1129 292 1181; x_wconf 91' lang='lat' dir='ltr'><strong>tenentur</strong></span> <span class='ocrx_word' id='word_1_53' title='bbox 305 1119 498 1181; x_wconf 89' lang='lat' dir='ltr'><strong>veneratione</strong></span> <span class='ocrx_word' id='word_1_54' title='bbox 512 1130 656 1198; x_wconf 87' lang='lat' dir='ltr'><strong>perpetua</strong></span> <span class='ocrx_word' id='word_1_55' title='bbox 668 1118 812 1180; x_wconf 83' lang='lat' dir='ltr'><strong>famulari.</strong></span> 
     </span>
    </p>
   </div>
   <div class='ocr_carea' id='block_1_3' title="bbox 434 1536 725 1636">
    <p class='ocr_par' dir='ltr' id='par_1_3' title="bbox 434 1536 725 1636">
     <span class='ocr_line' id='line_1_10' title="bbox 434 1536 725 1636; baseline 0.007 -26"><span class='ocrx_word' id='word_1_56' title='bbox 434 1536 647 1636; x_wconf 88' lang='lat' dir='ltr'><strong>Capitulum</strong></span> <span class='ocrx_word' id='word_1_57' title='bbox 670 1559 725 1633; x_wconf 85' lang='lat'><strong>15.</strong></span> 
     </span>
    </p>
   </div>
   <div class='ocr_carea' id='block_1_4' title="bbox 176 1710 985 1806">
    <p class='ocr_par' dir='ltr' id='par_1_4' title="bbox 176 1710 985 1806">
     <span class='ocr_line' id='line_1_11' title="bbox 176 1710 985 1806; baseline 0.001 -20"><span class='ocrx_word' id='word_1_58' title='bbox 176 1710 281 1806; x_wconf 86' lang='lat' dir='ltr'><strong>Quot</strong></span> <span class='ocrx_word' id='word_1_59' title='bbox 298 1712 496 1786; x_wconf 89' lang='lat' dir='ltr'><strong>commoda</strong></span> <span class='ocrx_word' id='word_1_60' title='bbox 513 1713 658 1788; x_wconf 83' lang='lat' dir='ltr'><strong>confert</strong></span> <span class='ocrx_word' id='word_1_61' title='bbox 674 1737 779 1788; x_wconf 91' lang='lat' dir='ltr'><strong>amor</strong></span> <span class='ocrx_word' id='word_1_62' title='bbox 795 1711 985 1788; x_wconf 90' lang='lat' dir='ltr'><strong>librorum.</strong></span> 
     </span>
    </p>
   </div>
   <div class='ocr_carea' id='block_1_5' title="bbox 102 1889 1049 2563">
    <p class='ocr_par' dir='ltr' id='par_1_5' title="bbox 102 1889 1049 2563">
     <span class='ocr_line' id='line_1_12' title="bbox 102 1889 1004 1988; baseline 0 -26"><span class='ocrx_word' id='word_1_63' title='bbox 102 1931 134 1988; x_wconf 71' lang='lat'><strong>31</strong></span> <span class='ocrx_word' id='word_1_64' title='bbox 155 1889 731 1979; x_wconf 86' lang='lat' dir='ltr'><strong>Humanumtranscenditingenium,</strong></span> <span class='ocrx_word' id='word_1_65' title='bbox 738 1912 1004 1980; x_wconf 89' lang='lat' dir='ltr'><strong>quantumcunque</strong></span> 
     </span>
     <span class='ocr_line' id='line_1_13' title="bbox 150 1996 1049 2078; baseline 0.01 -22"><span class='ocrx_word' id='word_1_66' title='bbox 150 1996 190 2057; x_wconf 90' lang='lat' dir='ltr'><strong>de</strong></span> <span class='ocrx_word' id='word_1_67' title='bbox 209 1997 292 2058; x_wconf 89' lang='lat' dir='ltr'><strong>fonte</strong></span> <span class='ocrx_word' id='word_1_68' title='bbox 305 1997 393 2058; x_wconf 84' lang='lat' dir='ltr'><strong>fuerit</strong></span> <span class='ocrx_word' id='word_1_69' title='bbox 412 2001 545 2077; x_wconf 88' lang='lat' dir='ltr'><strong>Pegaseo</strong></span> <span class='ocrx_word' id='word_1_70' title='bbox 564 2010 709 2077; x_wconf 90' lang='lat' dir='ltr'><strong>potatum,</strong></span> <span class='ocrx_word' id='word_1_71' title='bbox 729 1999 866 2062; x_wconf 88' lang='lat' dir='ltr'><strong>instantis</strong></span> <span class='ocrx_word' id='word_1_72' title='bbox 883 1999 1005 2078; x_wconf 89' lang='lat' dir='ltr'><strong>capituli</strong></span> <span class='ocrx_word' id='word_1_73' title='bbox 1019 2030 1049 2065; x_wconf 88' lang='lat'><strong>10</strong></span> 
     </span>
     <span class='ocr_line' id='line_1_14' title="bbox 149 2091 1004 2176; baseline 0.007 -22"><span class='ocrx_word' id='word_1_74' title='bbox 149 2091 270 2154; x_wconf 88' lang='lat' dir='ltr'><strong>titulum</strong></span> <span class='ocrx_word' id='word_1_75' title='bbox 284 2095 430 2172; x_wconf 89' lang='lat' dir='ltr'><strong>explicare</strong></span> <span class='ocrx_word' id='word_1_76' title='bbox 444 2099 583 2174; x_wconf 87' lang='lat' dir='ltr'><strong>perfecte.</strong></span> <span class='ocrx_word' id='word_1_77' title='bbox 620 2096 650 2158; x_wconf 88' lang='lat' dir='ltr'><strong>Si</strong></span> <span class='ocrx_word' id='word_1_78' title='bbox 664 2096 772 2174; x_wconf 90' lang='lat' dir='ltr'><strong>linguis</strong></span> <span class='ocrx_word' id='word_1_79' title='bbox 785 2100 959 2176; x_wconf 88' lang='lat' dir='ltr'><strong>angelorum</strong></span> <span class='ocrx_word' id='word_1_80' title='bbox 974 2108 1004 2160; x_wconf 92' lang='lat' dir='ltr'><strong>et</strong></span> 
     </span>
     <span class='ocr_line' id='line_1_15' title="bbox 149 2190 1005 2271; baseline 0.007 -21"><span class='ocrx_word' id='word_1_81' title='bbox 149 2190 308 2252; x_wconf 88' lang='lat' dir='ltr'><strong>hominum</strong></span> <span class='ocrx_word' id='word_1_82' title='bbox 327 2192 395 2270; x_wconf 89' lang='lat' dir='ltr'><strong>quis</strong></span> <span class='ocrx_word' id='word_1_83' title='bbox 413 2195 558 2271; x_wconf 88' lang='lat' dir='ltr'><strong>loquatur,</strong></span> <span class='ocrx_word' id='word_1_84' title='bbox 574 2192 599 2254; x_wconf 90' lang='lat' dir='ltr'><strong>si</strong></span> <span class='ocrx_word' id='word_1_85' title='bbox 617 2193 648 2254; x_wconf 92' lang='lat' dir='ltr'><strong>in</strong></span> <span class='ocrx_word' id='word_1_86' title='bbox 668 2195 849 2255; x_wconf 87' lang='lat' dir='ltr'><strong>Mercurium</strong></span> <span class='ocrx_word' id='word_1_87' title='bbox 868 2197 1005 2256; x_wconf 88' lang='lat' dir='ltr'><strong>transfor·</strong></span> 
     </span>
     <span class='ocr_line' id='line_1_16' title="bbox 150 2290 1004 2369; baseline 0.005 -21"><span class='ocrx_word' id='word_1_88' title='bbox 150 2299 250 2349; x_wconf 89' lang='lat' dir='ltr'><strong>metur</strong></span> <span class='ocrx_word' id='word_1_89' title='bbox 257 2301 309 2350; x_wconf 93' lang='lat' dir='ltr'><strong>aut</strong></span> <span class='ocrx_word' id='word_1_90' title='bbox 317 2290 459 2366; x_wconf 85' lang='lat' dir='ltr'><strong>Tullium,</strong></span> <span class='ocrx_word' id='word_1_91' title='bbox 470 2290 495 2352; x_wconf 91' lang='lat' dir='ltr'><strong>si</strong></span> <span class='ocrx_word' id='word_1_92' title='bbox 506 2292 658 2352; x_wconf 89' lang='lat' dir='ltr'><strong>dulcescat</strong></span> <span class='ocrx_word' id='word_1_93' title='bbox 669 2290 731 2351; x_wconf 91' lang='lat' dir='ltr'><strong>Titi</strong></span> <span class='ocrx_word' id='word_1_94' title='bbox 742 2290 819 2351; x_wconf 93' lang='lat' dir='ltr'><strong>Livii</strong></span> <span class='ocrx_word' id='word_1_95' title='bbox 833 2292 1004 2369; x_wconf 90' lang='lat' dir='ltr'><strong>eloquentia</strong></span> 
     </span>
     <span class='ocr_line' id='line_1_17' title="bbox 149 2386 1004 2468; baseline 0.005 -22"><span class='ocrx_word' id='word_1_96' title='bbox 149 2387 256 2460; x_wconf 91' lang='lat' dir='ltr'><strong>lactea,</strong></span> <span class='ocrx_word' id='word_1_97' title='bbox 271 2386 296 2447; x_wconf 92' lang='lat' dir='ltr'><strong>si</strong></span> <span class='ocrx_word' id='word_1_98' title='bbox 312 2388 524 2450; x_wconf 89' lang='lat' dir='ltr'><strong>Demosthenis</strong></span> <span class='ocrx_word' id='word_1_99' title='bbox 538 2388 683 2450; x_wconf 90' lang='lat' dir='ltr'><strong>suavitate</strong></span> <span class='ocrx_word' id='word_1_100' title='bbox 694 2399 822 2467; x_wconf 88' lang='lat' dir='ltr'><strong>peroret,</strong></span> <span class='ocrx_word' id='word_1_101' title='bbox 838 2401 889 2450; x_wconf 90' lang='lat' dir='ltr'><strong>aut</strong></span> <span class='ocrx_word' id='word_1_102' title='bbox 904 2390 1004 2468; x_wconf 93' lang='lat' dir='ltr'><strong>Moysi</strong></span> 
     </span>
     <span class='ocr_line' id='line_1_18' title="bbox 150 2483 1047 2563; baseline 0.003 -20"><span class='ocrx_word' id='word_1_103' title='bbox 150 2483 317 2544; x_wconf 86' lang='lat' dir='ltr'><strong>balbutiem</strong></span> <span class='ocrx_word' id='word_1_104' title='bbox 343 2484 491 2563; x_wconf 89' lang='lat' dir='ltr'><strong>allegabit,</strong></span> <span class='ocrx_word' id='word_1_105' title='bbox 513 2486 561 2546; x_wconf 90' lang='lat' dir='ltr'><strong>vel</strong></span> <span class='ocrx_word' id='word_1_106' title='bbox 585 2505 654 2544; x_wconf 94' lang='lat' dir='ltr'><strong>cum</strong></span> <span class='ocrx_word' id='word_1_107' title='bbox 677 2484 803 2546; x_wconf 88' lang='lat' dir='ltr'><strong>Ieremia</strong></span> <span class='ocrx_word' id='word_1_108' title='bbox 825 2505 858 2546; x_wconf 92' lang='lat' dir='ltr'><strong>se</strong></span> <span class='ocrx_word' id='word_1_109' title='bbox 877 2504 1003 2563; x_wconf 91' lang='lat' dir='ltr'><strong>puerum</strong></span> <span class='ocrx_word' id='word_1_110' title='bbox 1019 2511 1028 2545; x_wconf 84' lang='grc' dir='ltr'><strong>ι</strong></span> <span class='ocrx_word' id='word_1_111' title='bbox 1035 2513 1047 2561; x_wconf 83' lang='grc' dir='ltr'>ς</span> 
     </span>
    </p>
   </div>
   <div class='ocr_carea' id='block_1_6' title="bbox 148 2654 1005 2799">
    <p class='ocr_par' dir='ltr' id='par_1_6' title="bbox 148 2654 1005 2799">
     <span class='ocr_line' id='line_1_19' title="bbox 183 2654 1005 2723; baseline 0.001 -18"><span class='ocrx_word' id='word_1_112' title='bbox 183 2668 199 2706; x_wconf 83' lang='lat' dir='ltr'><strong>a</strong></span> <span class='ocrx_word' id='word_1_113' title='bbox 216 2655 298 2705; x_wconf 79' lang='lat' dir='ltr'><strong>dube&#39;e&#39;r</strong></span> <span class='ocrx_word' id='word_1_114' title='bbox 313 2657 342 2705; x_wconf 88' lang='lat' dir='ltr'><em>D</em></span> <span class='ocrx_word' id='word_1_115' title='bbox 356 2655 394 2713; x_wconf 82' lang='grc'><strong>[16</strong></span> <span class='ocrx_word' id='word_1_116' title='bbox 411 2657 540 2706; x_wconf 77' lang='lat' dir='ltr'><strong>nomime.</strong></span> <span class='ocrx_word' id='word_1_117' title='bbox 554 2654 630 2720; x_wconf 74' lang='lat' dir='ltr'><strong>Efl9</strong></span> <span class='ocrx_word' id='word_1_118' title='bbox 646 2657 740 2706; x_wconf 81' lang='lat' dir='ltr'><strong>excedit</strong></span> <span class='ocrx_word' id='word_1_119' title='bbox 755 2655 830 2721; x_wconf 89' lang='lat' dir='ltr'><strong>vulgo</strong></span> <span class='ocrx_word' id='word_1_120' title='bbox 846 2658 1005 2723; x_wconf 80' lang='lat' dir='ltr'><strong>quodcunque</strong></span> 
     </span>
     <span class='ocr_line' id='line_1_20' title="bbox 148 2731 1004 2799; baseline 0 -15"><span class='ocrx_word' id='word_1_121' title='bbox 148 2733 188 2798; x_wconf 89' lang='lat' dir='ltr'><strong>Ja.</strong></span> <span class='ocrx_word' id='word_1_122' title='bbox 195 2733 282 2798; x_wconf 74' lang='lat' dir='ltr'><strong>fierit</strong></span> <span class='ocrx_word' id='word_1_123' title='bbox 293 2750 342 2783; x_wconf 91' lang='lat' dir='ltr'><strong>om.</strong></span> <span class='ocrx_word' id='word_1_124' title='bbox 354 2734 411 2783; x_wconf 91' lang='lat' dir='ltr'><strong>edd.</strong></span> <span class='ocrx_word' id='word_1_125' title='bbox 424 2731 434 2796; x_wconf 89' lang='grc' dir='ltr'><strong>ΙΙ</strong></span> <span class='ocrx_word' id='word_1_126' title='bbox 446 2747 473 2783; x_wconf 87' lang='lat'><strong>11</strong></span> <span class='ocrx_word' id='word_1_127' title='bbox 486 2734 511 2783; x_wconf 84' lang='lat' dir='ltr'><strong>si</strong></span> <span class='ocrx_word' id='word_1_128' title='bbox 517 2750 566 2783; x_wconf 84' lang='lat' dir='ltr'><strong>om</strong></span> <span class='ocrx_word' id='word_1_129' title='bbox 577 2735 616 2798; x_wconf 89' lang='lat' dir='ltr'><strong>Ja.</strong></span> <span class='ocrx_word' id='word_1_130' title='bbox 625 2739 634 2792; x_wconf 79' lang='grc' dir='ltr'><strong>ΙΙ</strong></span> <span class='ocrx_word' id='word_1_131' title='bbox 649 2746 678 2783; x_wconf 85' lang='lat'><strong>12</strong></span> <span class='ocrx_word' id='word_1_132' title='bbox 687 2735 914 2799; x_wconf 79' lang='lat' dir='ltr'><strong>transformaretur</strong></span> <span class='ocrx_word' id='word_1_133' title='bbox 922 2735 979 2786; x_wconf 87' lang='lat' dir='ltr'><strong>edd.</strong></span> <span class='ocrx_word' id='word_1_134' title='bbox 995 2742 1004 2793; x_wconf 73' lang='lat' dir='ltr'><strong>{t</strong></span> 
     </span>
    </p>
   </div>
   <div class='ocr_carea' id='block_1_7' title="bbox 150 2890 1005 3412">
    <p class='ocr_par' dir='ltr' id='par_1_7' title="bbox 150 2890 1005 3412">
     <span class='ocr_line' id='line_1_21' title="bbox 182 2890 733 2956; baseline -0.002 -15"><span class='ocrx_word' id='word_1_135' title='bbox 182 2891 275 2956; x_wconf 86' lang='lat' dir='ltr'><strong>linguis</strong></span> <span class='ocrx_word' id='word_1_136' title='bbox 286 2890 442 2954; x_wconf 82' lang='lat' dir='ltr'><strong>angelorum]</strong></span> <span class='ocrx_word' id='word_1_137' title='bbox 459 2890 535 2940; x_wconf 87' lang='lat' dir='ltr'><strong>From</strong></span> <span class='ocrx_word' id='word_1_138' title='bbox 549 2903 559 2939; x_wconf 86' lang='lat'>1</span> <span class='ocrx_word' id='word_1_139' title='bbox 574 2890 632 2940; x_wconf 92' lang='lat' dir='ltr'><strong>Cor.</strong></span> <span class='ocrx_word' id='word_1_140' title='bbox 645 2890 696 2940; x_wconf 86' lang='lat' dir='ltr'><strong>xiii.</strong></span> <span class='ocrx_word' id='word_1_141' title='bbox 713 2903 733 2940; x_wconf 87' lang='lat'><strong>1.</strong></span> 
     </span>
     <span class='ocr_line' id='line_1_22' title="bbox 182 2968 1005 3033; baseline 0 -14"><span class='ocrx_word' id='word_1_142' title='bbox 182 2969 326 3033; x_wconf 88' lang='lat' dir='ltr'><strong>eloquentia</strong></span> <span class='ocrx_word' id='word_1_143' title='bbox 336 2968 427 3029; x_wconf 88' lang='lat' dir='ltr'><strong>lactea]</strong></span> <span class='ocrx_word' id='word_1_144' title='bbox 444 2968 490 3033; x_wconf 86' lang='lat' dir='ltr'><strong>Cp.</strong></span> <span class='ocrx_word' id='word_1_145' title='bbox 505 2968 592 3031; x_wconf 89' lang='lat' dir='ltr'><strong>Quint.</strong></span> <span class='ocrx_word' id='word_1_146' title='bbox 607 2969 669 3018; x_wconf 88' lang='lat' dir='ltr'><strong>Inst.</strong></span> <span class='ocrx_word' id='word_1_147' title='bbox 688 2968 787 3019; x_wconf 84' lang='lat' dir='ltr'><strong>Orator.</strong></span> <span class='ocrx_word' id='word_1_148' title='bbox 792 3005 799 3029; x_wconf 92' lang='lat'>,</span> <span class='ocrx_word' id='word_1_149' title='bbox 813 2985 836 3019; x_wconf 92' lang='lat' dir='ltr'><strong>x.</strong></span> <span class='ocrx_word' id='word_1_150' title='bbox 853 2981 913 3033; x_wconf 86' lang='lat'>132:</span> <span class='ocrx_word' id='word_1_151' title='bbox 934 2969 1005 3019; x_wconf 89' lang='lat' dir='ltr'><strong>“illa</strong></span> 
     </span>
     <span class='ocr_line' id='line_1_23' title="bbox 152 3042 1004 3108; baseline -0.002 -12"><span class='ocrx_word' id='word_1_152' title='bbox 152 3044 219 3096; x_wconf 85' lang='lat' dir='ltr'><strong>Livii</strong></span> <span class='ocrx_word' id='word_1_153' title='bbox 240 3045 322 3094; x_wconf 86' lang='lat' dir='ltr'><strong>lactea</strong></span> <span class='ocrx_word' id='word_1_154' title='bbox 342 3042 470 3094; x_wconf 87' lang='lat' dir='ltr'><strong>ubertas.&#39;&#39;</strong></span> <span class='ocrx_word' id='word_1_155' title='bbox 516 3045 551 3095; x_wconf 90' lang='lat' dir='ltr'><strong>So</strong></span> <span class='ocrx_word' id='word_1_156' title='bbox 574 3043 600 3094; x_wconf 90' lang='lat' dir='ltr'><strong>S.</strong></span> <span class='ocrx_word' id='word_1_157' title='bbox 624 3045 726 3108; x_wconf 87' lang='lat' dir='ltr'><strong>Jerome</strong></span> <span class='ocrx_word' id='word_1_158' title='bbox 749 3045 874 3095; x_wconf 87' lang='lat' dir='ltr'><strong>describes</strong></span> <span class='ocrx_word' id='word_1_159' title='bbox 899 3046 953 3094; x_wconf 91' lang='lat' dir='ltr'><strong>him</strong></span> <span class='ocrx_word' id='word_1_160' title='bbox 977 3062 1004 3094; x_wconf 87' lang='lat' dir='ltr'><strong>as</strong></span> 
     </span>
     <span class='ocr_line' id='line_1_24' title="bbox 153 3121 904 3187; baseline -0.001 -14"><span class='ocrx_word' id='word_1_161' title='bbox 153 3126 170 3151; x_wconf 82' lang='grc'><strong>00</strong></span> <span class='ocrx_word' id='word_1_162' title='bbox 182 3123 266 3173; x_wconf 82' lang='lat' dir='ltr'><strong>lacteo</strong></span> <span class='ocrx_word' id='word_1_163' title='bbox 277 3121 434 3186; x_wconf 85' lang='lat' dir='ltr'><strong>eloquentiae</strong></span> <span class='ocrx_word' id='word_1_164' title='bbox 444 3121 513 3171; x_wconf 82' lang='lat' dir='ltr'><strong>fonte</strong></span> <span class='ocrx_word' id='word_1_165' title='bbox 524 3129 668 3172; x_wconf 84' lang='lat' dir='ltr'><strong>manantem</strong></span> <span class='ocrx_word' id='word_1_166' title='bbox 681 3121 712 3171; x_wconf 90' lang='lat'><strong>:”</strong></span> <span class='ocrx_word' id='word_1_167' title='bbox 734 3122 802 3187; x_wconf 92' lang='lat' dir='ltr'><strong>Opp.</strong></span> <span class='ocrx_word' id='word_1_168' title='bbox 816 3122 833 3172; x_wconf 86' lang='lat' dir='ltr'><strong>i.</strong></span> <span class='ocrx_word' id='word_1_169' title='bbox 849 3124 904 3185; x_wconf 86' lang='lat'><strong>269.</strong></span> 
     </span>
     <span class='ocr_line' id='line_1_25' title="bbox 183 3197 1004 3263; baseline -0.001 -12"><span class='ocrx_word' id='word_1_170' title='bbox 183 3215 242 3251; x_wconf 86' lang='lat' dir='ltr'><strong>cum</strong></span> <span class='ocrx_word' id='word_1_171' title='bbox 254 3198 370 3260; x_wconf 90' lang='lat' dir='ltr'><strong>Ieremia]</strong></span> <span class='ocrx_word' id='word_1_172' title='bbox 380 3198 431 3263; x_wconf 89' lang='lat' dir='ltr'><strong>Jer.</strong></span> <span class='ocrx_word' id='word_1_173' title='bbox 445 3198 461 3248; x_wconf 86' lang='lat' dir='ltr'><strong>i.</strong></span> <span class='ocrx_word' id='word_1_174' title='bbox 476 3197 510 3248; x_wconf 83' lang='lat'><strong>6:</strong></span> <span class='ocrx_word' id='word_1_175' title='bbox 530 3199 589 3260; x_wconf 85' lang='lat' dir='ltr'><strong>“A,</strong></span> <span class='ocrx_word' id='word_1_176' title='bbox 602 3215 625 3260; x_wconf 90' lang='lat' dir='ltr'><strong>a,</strong></span> <span class='ocrx_word' id='word_1_177' title='bbox 636 3215 660 3260; x_wconf 90' lang='lat' dir='ltr'><strong>a,</strong></span> <span class='ocrx_word' id='word_1_178' title='bbox 673 3199 784 3249; x_wconf 91' lang='lat' dir='ltr'><strong>Domine</strong></span> <span class='ocrx_word' id='word_1_179' title='bbox 793 3200 871 3262; x_wconf 90' lang='lat' dir='ltr'><strong>Deus,</strong></span> <span class='ocrx_word' id='word_1_180' title='bbox 881 3216 939 3250; x_wconf 90' lang='lat' dir='ltr'><strong>ecce</strong></span> <span class='ocrx_word' id='word_1_181' title='bbox 950 3216 1004 3250; x_wconf 89' lang='lat' dir='ltr'><strong>nes-</strong></span> 
     </span>
     <span class='ocr_line' id='line_1_26' title="bbox 150 3274 576 3342; baseline -0.009 -13"><span class='ocrx_word' id='word_1_182' title='bbox 150 3278 191 3329; x_wconf 89' lang='lat' dir='ltr'><strong>cio</strong></span> <span class='ocrx_word' id='word_1_183' title='bbox 201 3277 281 3342; x_wconf 88' lang='lat' dir='ltr'><strong>loqui,</strong></span> <span class='ocrx_word' id='word_1_184' title='bbox 294 3277 353 3340; x_wconf 88' lang='lat' dir='ltr'><strong>quia</strong></span> <span class='ocrx_word' id='word_1_185' title='bbox 363 3292 425 3341; x_wconf 88' lang='lat' dir='ltr'><strong>puer</strong></span> <span class='ocrx_word' id='word_1_186' title='bbox 435 3291 483 3342; x_wconf 87' lang='lat' dir='ltr'><strong>ego</strong></span> <span class='ocrx_word' id='word_1_187' title='bbox 494 3274 576 3326; x_wconf 88' lang='lat' dir='ltr'><strong>sum.&#39;’</strong></span> 
     </span>
     <span class='ocr_line' id='line_1_27' title="bbox 574 3371 584 3412; baseline 0 0"><span class='ocrx_word' id='word_1_188' title='bbox 574 3371 584 3412; x_wconf 91' lang='lat' dir='ltr'><strong>I</strong></span> 
     </span>
    </p>
   </div>
   <div class='ocr_carea' id='block_1_8' title="bbox 0 0 1168 3982">
    <p class='ocr_par' dir='ltr' id='par_1_8' title="bbox 0 0 1168 3982">
     <span class='ocr_line' id='line_1_28' title="bbox 0 0 1168 3982; baseline 0 0"><span class='ocrx_word' id='word_1_189' title='bbox 0 0 1168 3982; x_wconf 95' lang='lat' dir='ltr'><strong> </strong></span> 
     </span>
    </p>
   </div>
  </div>
 </body>
</html>
