2324 3982
414 306 639 360 CAPITULUM
656 308 750 359 XVII.
957 323 1002 375 ¹31

152 409 195 417 ι...

153 484 288 536 retentat.
340 478 411 537 Hae
424 477 536 555 paleae,
552 475 624 555 quia
633 496 690 538 nec
702 487 806 538 venter
818 475 886 538 libri
899 477 1005 557 digerit

153 589 211 630 nec
224 569 384 648 quisquam
398 590 450 632 eas
463 572 598 647 extrahit,
613 569 711 650 primo
722 572 845 650 quidem
859 573 969 634 librum
987 593 1006 634 a

153 667 241 728 solita
261 668 397 729 iunctura
419 669 603 745 distendunt,
623 678 654 730 et
675 671 800 731 tandem
823 670 1007 749 negligenter

104 788 138 829 20
153 764 298 826 oblivioni
311 766 490 826 commissae
501 777 683 844 putrescunt
707 769 832 828 Fructus
842 778 871 829 et
885 787 1006 829 caseum

152 881 243 940 super
269 862 379 923 librum
400 882 563 941 expansum
597 883 659 924 non
686 875 805 924 veretur
838 867 1033 946 comedere,5

151 971 245 1036 atque
272 963 420 1039 scyphum
442 960 514 1021 hinc
534 960 607 1022 inde
621 960 767 1022 dissolute
781 963 955 1039 transferre3
977 974 1007 1025 et

153 1056 225 1134 quia
246 1077 308 1118 non
334 1059 425 1118 habet
449 1057 716 1136 eleemosynarium
730 1071 946 1138 praeparatum,
975 1060 1007 1122 iu

153 1154 237 1215 libris
251 1154 374 1215 dimittit
387 1154 526 1232 reliquias
545 1158 784 1233 fragmentorum.
828 1157 1007 1220 Garrulitate

152 1251 296 1312 continua
309 1252 397 1312 sociis
411 1254 557 1314 oblatrare
571 1273 632 1314 nou
647 1253 764 1328 desinit,
781 1265 810 1316 et
823 1257 896 1317 dum
911 1255 1008 1316 multi·

152 1349 290 1410 tudinem
310 1349 459 1411 rationum
479 1349 604 1412 adducit
618 1372 637 1411 a
651 1370 739 1412 sensu
758 1351 883 1430 physico
899 1372 1005 1413 vacua·
1022 1378 1051 1414 ro

152 1467 230 1521 rum,
265 1446 373 1508 librum
405 1446 452 1507 in·
471 1447 584 1526 gremio
606 1450 827 1525 subexpausum
852 1451 1006 1510 humectat

151 1543 308 1621 aspergine
322 1542 488 1604 salivarum.
508 1543 590 1620 Quid
604 1546 714 1623 plura?
734 1545 833 1606 statim
847 1545 1006 1624 duplicatis

151 1640 261 1703 cubitis
273 1640 432 1701 reclinatur
450 1640 482 1701 in
500 1640 637 1702 codicem
654 1652 684 1702 et
698 1661 752 1720 per
766 1643 856 1704 breve
873 1642 1006 1703 studium

151 1757 291 1815 soporem
301 1736 407 1798 invitat
417 1737 572 1815 prolixum,
584 1755 620 1798 ac
628 1738 798 1816 reparandis
809 1739 887 1818 mgis
895 1740 1006 1802 limbos

151 1837 274 1914 replicat
292 1838 441 1911 foliorum,
456 1837 496 1898 ad
514 1836 579 1896 libri
599 1855 661 1897 non
678 1838 831 1898 modicum
846 1839 1005 1900 detrimen·
1021 1860 1032 1894 1
1037 1860 1050 1909 ς

104 1963 135 2001 21
152 1945 226 1994 turn.
240 1937 310 2012 Jam
321 1935 417 1996 imber
424 1935 497 1995 abiit
508 1945 539 1996 et
547 1936 667 1996 recessit
676 1946 706 1996 et
714 1936 1006 2014 floresapparuerunt

151 2033 183 2091 in
197 2042 274 2092 terra
287 2043 396 2093 nostra.
437 2034 525 2092 Tunc
539 2033 680 2092 scholaris
695 2051 786 2110 quem
801 2034 1005 2103 describimus,

151 2129 294 2190 librorum
321 2131 475 2206 neglector
498 2130 710 2206 potiusquam
735 2131 894 2207 inspector,
917 2132 1004 2204 viola,

150 2226 279 2302 primula
298 2236 389 2302 atque
410 2244 478 2286 rosa
495 2244 616 2285 necnon
640 2236 670 2286 et
692 2227 871 2302 quadrisolio
903 2229 1006 2288 farciet

150 2321 260 2383 librum
280 2341 376 2383 suurn.
418 2323 507 2382 Tunc
529 2341 634 2382 manus
657 2341 785 2400 aquosas
805 2334 835 2384 et
857 2333 1005 2385 scatentes
1019 2343 1050 2377 20

187 2517 204 2567 6
220 2517 322 2568 sollicite
337 2519 364 2568 E
380 2516 390 2581 ΙΙ
402 2527 417 2580 7
428 2517 627 2567 eleemosinarum
644 2518 768 2568 sacculum
785 2517 843 2568 edd.
858 2522 867 2577 ΙΙ
882 2530 913 2568 ιο
922 2518 1004 2584 philo-

153 2595 360 2736 3335pr
369 2595 484 2661 repandis
491 2597 516 2644 A
527 2596 554 2643 B
562 2599 572 2655 ΙΙ
583 2594 613 2646 18
623 2596 717 2645 violata
726 2597 766 2660 Ja.
777 2596 937 2661 quadnfoliss
944 2597 984 2661 Ja.
995 2601 1004 2654 ss

185 2846 418 2912 eleemosynarium]
445 2847 502 2898 The
523 2847 656 2913 alnis-bag,
680 2846 763 2898 which
781 2847 836 2898 “in
857 2847 929 2898 those
944 2848 1005 2912 days

153 2927 282 2977 answered
294 2927 337 2977 the
350 2943 458 2992 purpose
469 2927 498 2977 of
506 2927 573 2978 what
584 2943 622 2977 we
633 2927 681 2978 call
692 2943 708 2976 a
717 2927 810 2992 pocket
822 2945 829 2978 r
839 2926 854 2950 ’'
870 2929 1004 2988 Maitland,

152 3004 225 3054 Dark
247 3004 323 3068 Ages,
342 3020 367 3069 p.
387 3013 444 3068 425.
481 3005 511 3053 In
527 3005 577 3054 this
593 3020 663 3055 sense
680 3004 723 3055 the
740 3005 857 3056 feminine
873 3005 937 3054 form
954 3021 1006 3056 was

151 3081 281 3146 generally
291 3082 353 3131 used
370 3082 421 3142 (see
438 3083 567 3148 Ducange,
580 3097 599 3133 s.
613 3083 660 3144 a),
678 3083 728 3132 and
744 3083 825 3134 hence
839 3083 947 3149 perhaps
963 3083 1006 3132 the

152 3160 256 3222 reading
266 3159 398 3208 sacculum.

183 3236 300 3300 reliquias
310 3233 515 3300 fragmentorum]
532 3237 607 3286 From
620 3238 660 3287 Ps.
674 3238 723 3288 xvi.
740 3250 777 3301 14.

185 3313 266 3364 imber
275 3313 348 3376 abiit]
366 3314 442 3364 From
453 3314 526 3365 Cant.
539 3313 566 3366 ii.
583 3327 621 3376 11,
637 3327 674 3365 η
