2324 3982
383 304 611 356 carnutum
626 304 703 356 xvr.
921 317 968 371 ιη

114 469 336 543 detrimentum,
352 469 395 531 sic
405 491 458 549 per
466 471 655 549 prudentiam
666 471 841 533 clericorum
850 472 970 552 reperiri

115 567 969 646 debetremedium,perquodlibersacer,solvensnaturae

115 664 262 739 debitum,
289 664 519 726 haereditarium
547 665 683 727 obtineat
717 667 911 729 substitutum
940 678 970 729 et

114 761 211 823 simile
225 782 328 823 semen
343 762 424 824 fratri
437 774 556 824 mortuo
571 763 730 825 suscitetur
743 764 970 843 verificeturque

114 858 214 920 statim
238 859 312 919 illud
335 858 538 921 Ecclesiastici
560 881 617 937 30:
646 863 785 923 Mortuus
814 873 858 924 est
885 875 997 944 pater5

112 957 193 1017 illius
207 968 237 1018 et
250 955 335 1034 quasi
352 975 414 1018 non
433 967 479 1017 est
496 969 639 1033 mortuus,
659 959 787 1020 similem
809 960 890 1021 enim
913 959 970 1022 sibi

40 1070 98 1130 207
114 1053 234 1132 reliquit
244 1064 312 1132 post
323 1073 365 1114 se.
400 1056 476 1115 Sunt
484 1054 573 1132 igitur
582 1054 824 1134 transcriptiones
834 1068 968 1118 vetemm

112 1151 202 1230 quasi
211 1153 360 1229 quaedam
367 1152 598 1229 propagationes
608 1153 774 1215 recentium
783 1154 920 1230 filiomm,
930 1155 970 1216 ad

114 1268 191 1326 quos
215 1259 371 1327 paternum
396 1249 571 1310 devolvatur
594 1250 734 1324 officium,
761 1271 799 1312 ne
827 1250 970 1312 libromm

113 1345 311 1424 municipium
332 1346 489 1406 minuatur.
532 1348 612 1407 Sane
627 1346 800 1408 huiusmodi
815 1347 970 1427 transerip
985 1377 1015 1412 ιο

113 1455 194 1505 tores
214 1443 372 1522 antiquarii
396 1443 596 1518 nominantur,
618 1464 745 1522 quorum
771 1444 870 1506 studia
893 1445 971 1507 inter

114 1560 151 1602 ea
177 1560 254 1619 quae
288 1543 477 1619 complentur
510 1542 613 1602 labore
645 1561 789 1620 corporeo
817 1545 885 1619 plus
913 1542 970 1604 sibi

114 1639 233 1716 placere
264 1638 461 1701 Cassiodorus
489 1639 656 1714 confitetur,
705 1642 753 1700 De
784 1639 971 1702 institutione

115 1734 282 1796 divinarum
312 1736 484 1808 litteramm,
513 1735 645 1812 capitulo
674 1756 723 1813 30,
751 1736 793 1798 ita
820 1737 971 1798 subdens:

72 1894 75 1899 ,
115 1831 208 1908 Felix,
230 1832 336 1911 inquit,
361 1832 497 1906 intentio,
520 1833 673 1894 laudanda
700 1834 852 1909 sedulitas,
878 1855 970 1896 manu
986 1859 1014 1909 ις

114 1928 287 1991 hominibus
303 1929 484 2008 praedicare,
504 1928 621 2007 linguas
639 1929 738 2008 digitis
758 1931 880 2010 aperire,
896 1933 971 1993 salu-

115 2039 177 2088 tem
192 2026 365 2089 mortalibus
379 2029 500 2088 tacitam
519 2027 598 2102 dare,
620 2038 650 2088 et
665 2040 770 2090 contra
786 2030 896 2091 diaboli
911 2049 971 2090 sur·

116 2126 266 2202 reptiones
292 2126 409 2186 illicitas
437 2127 553 2185 calamo
581 2134 612 2186 et
638 2136 806 2187 atramento
828 2146 967 2205 pugnare

149 2321 167 2368 4
185 2305 283 2355 suscitet
296 2307 335 2371 Ja.
356 2310 366 2364 lt
384 2315 398 2368 7
416 2307 536 2371 relinquit
550 2307 590 2372 Ja.
609 2307 798 2370 transmitteres
808 2309 837 2365 ,Α
856 2304 938 2371 eddi}
955 2306 971 2358 8

112 2391 287 2450 propagatores
306 2385 363 2435 edd.
389 2384 400 2449 ΙΙ
418 2399 434 2447 9
448 2393 556 2451 patrum
574 2386 614 2451 Ja.
637 2391 646 2444 ΙΙ
665 2399 695 2434 10
713 2391 759 2435 su'c
774 2387 800 2435 B
817 2387 893 2436 huius
911 2387 940 2436 D
961 2392 971 2444 ΙΙ

120 2474 150 2510 12
154 2463 216 2525 plur
227 2477 277 2512 om.
287 2463 343 2512 edd.
352 2463 455 2526 plinius
468 2476 479 2512 1
489 2468 499 2520 Η
509 2477 539 2524 14
549 2463 655 2512 scribens
664 2463 703 2528 Ja
715 2467 724 2522 ΙΙ
738 2471 766 2526 15
776 2464 879 2513 scientia
890 2464 948 2515 edd.
958 2462 969 2527 ΙΙ

120 2539 265 2601 17tacai‘um
276 2541 300 2588 A
308 2539 336 2589 E
345 2539 519 2589 tacitBtactu
531 2540 611 2605 MJa.
626 2545 636 2598 ΙΙ

149 2699 252 2742 naturae
269 2691 392 2754 debitum]
403 2691 458 2741 The
474 2691 565 2756 phrase
581 2691 603 2742 is
619 2692 687 2756 quite
704 2691 825 2752 classical,
839 2690 935 2756 though
951 2693 972 2743 it

118 2770 180 2820 does
189 2776 234 2819 not
245 2785 312 2819 seem
322 2775 350 2818 to
364 2769 396 2818 be
409 2768 487 2818 found
504 2769 530 2818 in
548 2768 644 2821 Cicero.
682 2769 707 2819 1t
723 2784 809 2819 occurs
825 2769 852 2818 in
869 2769 972 2835 inscrip-

117 2848 201 2898 tions:
218 2846 308 2906 Orelli,
321 2862 363 2896 nn.
378 2855 450 2910 3453,
465 2845 538 2908 4482.

150 2938 235 2974 semen
246 2922 326 2984 tratri]
343 2923 389 2987 Cp.
405 2923 481 2973 Deut.
496 2939 553 2972 xxv.
568 2931 600 2986 53
618 2924 692 2974 Matt.
706 2922 766 2973 xxii.
780 2935 820 2985 24.

150 2999 295 3065 antiquarii]
313 3000 360 3050 See
372 3015 393 3049 c.
408 3000 460 3049 viii.
474 3016 493 3049 s.
511 3011 565 3062 143,
579 3006 641 3048 note.

150 3078 207 3144 plus
221 3078 270 3127 sibi
286 3077 384 3142 placere
402 3077 576 3138 Cassiodorus]
598 3076 654 3126 The
673 3075 754 3126 editor
771 3075 802 3126 of
816 3076 860 3127 the
878 3077 918 3128 ed.
932 3093 968 3143 pr.

117 3157 179 3206 took
190 3154 338 3220 pluriora
354 3155 510 3204 contractiori
527 3153 556 3204 of
569 3153 673 3214 Plinius,
686 3154 738 3203 and
753 3153 860 3204 omitted
877 3155 972 3206 Cassio·

117 3235 201 3296 dm,
220 3232 303 3285 which
318 3248 370 3283 was
392 3231 502 3283 restored
524 3232 551 3282 in
573 3231 616 3282 the
639 3231 709 3282 Paris
731 3231 835 3295 edition,
855 3233 972 3298 omitting

112 3311 183 3377 plur.
