2324 3982
453 280 678 333 CAPITULUM
700 279 759 331 VII.

476 697 690 798 Capitulum
712 721 744 796 7.

251 837 499 935 Querimonia
511 837 691 914 librorum
709 853 838 914 contra
854 836 963 914 bella.

112 1053 164 1090 ror
186 1014 293 1090 Pacis
311 1003 417 1094 auctor
435 1043 466 1094 et
484 1043 599 1093 amator
611 1031 783 1094 Altissimel
802 1030 914 1110 dissipa
930 1041 1034 1109 gentes

181 1132 261 1193 bella
274 1133 418 1205 volentes,
433 1149 512 1208 quae
530 1149 620 1207 super
638 1149 744 1191 omnes
756 1128 940 1208 pestilentias
953 1128 1035 1190 libris

181 1327 308 1389 furiosos
322 1326 455 1387 efficiunt
467 1325 599 1404 impetus
611 1325 643 1387 in
657 1327 782 1386 adversa
791 1335 822 1385 et
832 1325 905 1385 dum
913 1323 1036 1384 rationis

181 1424 388 1497 moderamine
405 1435 468 1485 non
486 1435 618 1498 utuntur,
633 1426 698 1484 sine
716 1422 882 1484 differentia
902 1421 1034 1483 discreti-
1052 1433 1065 1484 5

112 1535 166 1574 102
181 1522 250 1584 onis
262 1541 427 1601 progressa,
439 1541 509 1582 vasa
522 1523 680 1582 destruunt
694 1519 825 1581 rationis.
861 1521 952 1579 Tunc
965 1537 1034 1595 pru-

182 1622 258 1682 dens
278 1621 390 1697 Apollo
412 1618 543 1697 Pythoni
566 1616 711 1678 subicitur
730 1628 761 1678 et
781 1627 853 1677 tunc
875 1613 1034 1676 Phronesis

182 1717 233 1797 pia
245 1729 340 1780 mater
353 1716 385 1777 in
398 1715 554 1795 phrenesis
568 1714 711 1794 redigitur
724 1724 911 1792 potestatem.
946 1715 1034 1773 Tunc

182 1827 331 1893 pennatus
350 1817 481 1892 Pegasus
501 1814 619 1873 stabulo
641 1810 810 1890 Corydonis
828 1809 991 1870 includitur
1005 1820 1036 1870 et

182 1913 330 1974 facundus
348 1912 515 1973 Mercurius
536 1913 704 1972 suffocatur.
747 1911 835 1969 Tunc
853 1910 951 1969 Pallas
969 1927 1036 1986 pru·
1051 1918 1080 1954 ¹0

184 2012 260 2072 dens
302 2009 406 2072 erroris
444 2027 588 2070 mucrone
622 2006 790 2069 conciditur
823 2017 854 2068 et
887 2006 1036 2067 iocundae

184 2107 317 2170 Pierides
331 2108 500 2169 tmculenta
513 2107 617 2170 suroris
632 2103 789 2184 tyrannide
802 2103 1032 2182 supprimuntur.

216 2303 232 2339 2
250 2291 312 2355 quio
324 2290 363 2354 Ja.
379 2294 415 2351 117
433 2253 539 2338 Plutoni
555 2288 611 2338 edd.
627 2293 664 2350 119
676 2293 803 2353 pennatam
819 2302 869 2336 om.
890 2287 914 2335 A
930 2283 1036 2335 uacublo

185 2367 311 2417 corridcns
321 2367 347 2415 B
358 2371 367 2424 ll
382 2378 409 2416 ιι
422 2367 542 2415 tunditur
552 2365 609 2415 edd.
621 2370 630 2423 ΙΙ

217 2531 311 2596 dissipa
322 2531 419 2596 gentes]
437 2530 477 2582 Ps.
495 2529 565 2582 lxvii.
581 2542 627 2594 31:
649 2529 779 2595 “Dissipa
793 2534 880 2594 gentes
893 2542 958 2593 quae
970 2525 1038 2577 bella

184 2607 298 2659 volunt.”

219 2686 337 2751 Pythoni]
357 2686 388 2734 In
400 2685 525 2735 reference
537 2691 564 2734 to
575 2685 618 2735 the
629 2683 742 2735 classical
755 2685 826 2750 myth
838 2684 868 2734 ol
881 2684 976 2749 Apollo
987 2684 1037 2738 and

185 2764 228 2814 the
248 2763 358 2826 Python:
375 2779 414 2812 we
431 2778 489 2827 may
506 2769 566 2811 note
584 2762 637 2811 also
659 2762 702 2812 the
721 2777 765 2812 use
784 2762 815 2812 oi
833 2762 932 2826 Python
951 2763 978 2812 in
994 2764 1037 2815 the

184 2840 312 2903 Vulgate;
328 2839 386 2888 thus
401 2839 445 2888 the
455 2839 532 2888 witch
547 2839 577 2888 of
590 2838 678 2888 Eodor
694 2839 716 2888 is
733 2838 862 2888 described
878 2854 906 2888 as
923 2839 1038 2890 “mulier

185 2918 323 2981 pythonem
333 2915 476 2976 habens,¹'1
492 2917 560 2967 Sam.
571 2917 654 2966 xxviii.
667 2926 699 2980 75
722 2931 762 2980 cp.
777 2916 837 2966 Lev.
852 2933 891 2966 xx.
907 2925 947 2978 27,
959 2917 1034 2968 Deut

185 2993 253 3043 xviii.
271 3006 308 3053 11,
323 2994 393 3052 Acts,
408 2993 457 3043 xvi.
473 2993 510 3043 16.

220 3071 363 3132 Phronesis]
381 3071 515 3120 Phronesis
526 3070 547 3120 is
558 3070 709 3135 personified
725 3071 751 3119 in
768 3069 906 3120 Martianus
923 3071 1035 3137 Capella,

186 3150 228 3198 De
248 3147 352 3212 Nuptiis
370 3147 526 3212 Philologiae
544 3154 569 3198 et
584 3148 703 3198 Mercurii
727 3148 763 3208 (ii.
785 3148 836 3210 27),
853 3148 937 3199 which
953 3165 1037 3200 wasa
1077 3153 1083 3162 ’

184 3227 293 3278 familiar
303 3225 371 3275 book
383 3225 412 3275 oi
419 3226 566 3277 instruction
576 3227 603 3276 in
615 3227 657 3276 the
665 3225 760 3276 middle
771 3243 836 3292 ages,
848 3243 876 3279 as
887 3229 929 3279 the
940 3230 1038 3280 mother

185 3305 215 3356 oi
222 3304 366 3368 Philology.
