2324 3982
399 267 642 336 ἸΟΑΡΙΤΙΙΜΙΜ
663 268 737 320 VIII.
971 270 1003 336 ⁶5

440 746 655 847 Capitulum
675 752 708 824 8.

151 924 215 1000 De
233 920 425 1021 multiplici
443 923 723 1022 opportunitate
744 949 858 1022 quam
876 923 1004 999 habui·

217 1074 301 1124 mus
315 1046 492 1124 librorum
511 1050 656 1148 copiam
672 1049 926 1148 conquirendi.

104 1249 140 1308 ιε
151 1224 250 1299 Cum
264 1235 347 1297 omni
365 1235 487 1315 negotio
501 1247 620 1314 tempus
644 1235 682 1296 sit
696 1245 726 1296 et
739 1234 956 1313 opportunitas,
970 1248 1004 1298 ut

150 1346 277 1398 testatur
300 1335 418 1415 sapiens
442 1336 649 1412 Ecclesiastes,
665 1339 704 1413 8⁰,
717 1335 778 1396 iam
799 1337 1006 1414 progredimur

149 1453 286 1496 enarrare
300 1433 480 1513 multiplices
488 1435 735 1513 opportunitates,
744 1434 894 1512 quibusin
902 1433 1005 1512 adqui·

150 1531 260 1593 sitione
280 1532 432 1610 librorum,
446 1532 556 1595 nostris
577 1531 739 1612 propositis
760 1531 916 1594 divinitate
940 1551 1005 1609 pro

149 1629 231 1708 pitia,
247 1629 432 1690 iuvabamur.
1020 1655 1033 1705 ς

104 1769 138 1829 ,7
192 1726 338 1804 Quamvis
361 1726 442 1788 enim
464 1727 503 1788 ab
530 1727 734 1789 adolescentia
761 1737 863 1788 nostra
888 1746 1007 1804 semper

150 1822 292 1886 socialem
307 1824 553 1886 communionem
567 1844 637 1885 cum
651 1823 719 1885 viris
729 1823 867 1885 litteratis
878 1834 908 1885 et
919 1822 1005 1884 libro

149 1940 218 1981 rum
242 1919 444 1982 dilectoribus·
460 1921 678 1982 delectaremur
698 1921 816 1996 babere,
846 1923 1006 1983 succeden-

149 2016 232 2079 tibus
251 2027 354 2079 tamen
372 2016 528 2094 prosperis,
551 2016 648 2095 regiae
666 2016 829 2079 maiestatis
851 2017 1006 2079 consecuti

149 2114 290 2176 notitiam
309 2124 339 2176 et
359 2113 391 2174 in
412 2111 506 2191 ipsius
527 2113 676 2191 acceptati
694 2114 814 2186 familia,
832 2115 1004 2176 facultatem
1021 2141 1050 2175 ιο

149 2212 323 2290 accepimus
336 2210 512 2288 ampliorem
525 2209 652 2272 ubilibet
665 2209 804 2271 visitandi
816 2231 870 2289 pro
881 2210 967 2272 libito
976 2224 1006 2274 et

150 2308 285 2372 venandi
305 2309 391 2386 quasi
411 2310 504 2369 saltus
527 2309 675 2385 quosdam
690 2309 925 2383 delicatissimos,
941 2322 1006 2371 tum

153 2407 292 2487 privatas,
306 2417 372 2468 tum
386 2425 570 2480 communes,
585 2416 651 2467 tum
664 2405 852 2484 regularium,
867 2418 932 2468 tum
945 2426 1007 2470 sae-

104 2509 139 2567 18
153 2503 301 2567 cularium
329 2501 470 2565 librariae.
524 2505 602 2564 Sane
629 2503 703 2564 dum
726 2501 911 2564 invictissimi
930 2504 1007 2581 prin-

152 2601 273 2680 cipisac
282 2621 400 2680 semper
410 2598 567 2679 magnifice
575 2598 784 2676 triumphantis
795 2598 871 2677 regis
880 2599 1006 2678 Angliae
1021 2626 1049 2677 ις

153 2698 291 2762 Eduardi
312 2697 406 2760 Tertii
429 2708 499 2775 post
524 2707 732 2775 conquestum,
758 2696 844 2757 cuius
870 2708 1006 2775 tempora

188 2893 199 2932 1
217 2881 253 2930 sit
268 2887 298 2930 ut
312 2880 338 2930 B
350 2884 359 2938 ΙῙ
373 2892 401 2929 11
414 2879 486 2929 libitu
502 2879 529 2928 E
544 2877 602 2928 edd„
621 2880 632 2936 ΙΙ
651 2889 682 2938 14
692 2876 841 2940 pn'nczpis.
862 2910 869 2927 .
888 2911 895 2926 .
914 2877 1005 2927 triunc-

146 2959 255 3025 phantis
270 2973 320 3008 om.
337 2958 378 3022 Ja.
392 2961 403 3015 ΙΙ
416 2955 447 3007 16
456 2955 592 3007 Edouardi
599 2955 623 3004 Α
636 2953 763 3005 Edwards·
772 2953 799 3004 E
808 2954 847 3017 Ju
861 2958 872 3011 ΙΙ

185 3120 376 3172 succedentibus
386 3125 471 3170 tamen
482 3115 617 3183 prosperis]
640 3115 717 3166 From
728 3115 792 3166 Gen.
807 3115 840 3166 xl.
855 3128 894 3180 ²3·

183 3197 317 3264 magnifice
327 3195 512 3262 triumphantis]
528 3195 583 3260 Cpr
589 3193 704 3244 Durbam
713 3193 808 3254 Ritual,
818 3209 844 3258 p.
858 3205 912 3252 122,
923 3197 947 3244 et
955 3194 988 3244 aL
996 3208 1006 3243 .·

155 3278 256 3343 “„Deus
267 3311 275 3328 .
289 3312 297 3327 .
311 3311 319 3328 .
332 3291 376 3326 rex
384 3290 414 3325 ac
424 3289 523 3339 semper
533 3271 679 3337 magnificus
690 3271 863 3336 triumphator.
868 3269 883 3295 ’'

571 3366 589 3409 F
