2324 3982
434 289 663 343 caplrtlwrr
677 289 729 340 IX.
976 288 1007 343 81

448 748 664 848 Capitulum
682 774 733 846 9.·

116 896 119 900 ¹
149 904 272 1002 Quod
289 902 377 980 licet
396 927 512 1000 opera
531 920 703 979 veterum
727 903 886 1003 amplius
908 929 1006 978 ama-

261 1053 387 1104 remus
402 1043 622 1114 nontamen
640 1029 902 1105 damnavimus

375 1152 500 1228 studia
517 1154 791 1230 modernorum

101 1344 131 1406 ts
152 1329 264 1406 Licet
278 1338 388 1400 nostris
407 1337 562 1400 desideriis
577 1337 695 1400 novitas
709 1340 922 1401 modernorum
935 1357 1009 1399 nun·

148 1450 245 1510 quam
259 1431 346 1492 fuerit
359 1431 474 1507 odiosa,
490 1431 541 1509 qui
554 1442 694 1493 vacantes
708 1431 814 1493 studiis
827 1451 864 1492 ac
877 1430 1009 1509 priorum

147 1540 271 1608 patrum
281 1529 436 1591 sententiis
447 1528 610 1607 quicquam
620 1530 670 1590 vel
682 1529 828 1590 subtiliter
837 1531 886 1589 vel
899 1528 1010 1589 utiliter

148 1625 318 1688 adicientes
340 1637 423 1705 grata
442 1645 560 1704 semper
580 1625 739 1687 affectione
760 1625 916 1700 coluimus,
936 1625 1009 1686 anti-

148 1721 282 1802 quorum
295 1735 396 1785 tamen
417 1723 603 1785 examinatos
619 1724 736 1784 labores
754 1721 896 1784 securiori
916 1721 1035 1794 avidi-5

148 1832 214 1883 tate
228 1820 396 1899 cupivimus
416 1819 603 1898 perscrutari.
645 1820 714 1882 Sive
734 1819 816 1881 enim
837 1819 1008 1880 naturaliter

147 1916 311 1997 viguerunt
340 1916 549 1996 perspicaciori
576 1916 685 1978 mentis
716 1915 846 1995 ingenio,
873 1915 936 1977 sive
965 1915 1008 1976 in·

149 2013 288 2077 stantiori
304 2015 405 2076 studio
424 2015 548 2077 forsitan
564 2013 763 2090 indulserunt,
779 2013 840 2075 sive
854 2012 1007 2090 utriusque

150 2112 265 2174 suffulti
289 2111 423 2172 subsidio
445 2112 643 2190 profecerunt,
666 2112 725 2171 hoc
747 2130 842 2171 unum
864 2109 1008 2187 comperi·

151 2229 222 2269 mus
236 2208 412 2284 evidenter,
440 2209 526 2286 quod
557 2207 606 2268 vix
638 2206 788 2269 sufficiunt
819 2226 1006 2268 successores
1022 2229 1050 2262 ιο

185 2370 238 2423 Tit.
254 2373 405 2422 damnamus
415 2373 441 2421 B
451 2371 592 2421 inuidimus
601 2371 692 2421 studiis
702 2371 729 2419 E
740 2374 750 2428 ΙΙ
762 2382 777 2434 3
787 2370 882 2420 semitis
887 2371 927 2435 Ja.
939 2371 1005 2434 quic-

149 2454 218 2520 quid
224 2456 264 2520 Ja.
278 2459 288 2512 ll
301 2464 315 2518 5
326 2455 401 2504 libros
410 2454 452 2504 vel
461 2453 554 2503 labores
563 2454 593 2504 D
601 2453 640 2518 Ja.
655 2457 666 2511 ll
677 2451 852 2502 dauriliditate
862 2452 886 2501 Α
902 2452 928 2500 Β
939 2451 1005 2515 cupi·

151 2548 210 2581 mus
220 2533 249 2582 D
263 2533 303 2597 Ja.
318 2536 327 2589 ll
339 2531 355 2581 8
365 2532 417 2581 rive
429 2567 435 2582 .
448 2569 454 2582 .
466 2567 473 2582 .
485 2531 646 2580 indulserunt
651 2545 701 2580 om.
710 2529 785 2594 DJs.
799 2529 948 2579 adulterum
958 2529 985 2577 E
996 2533 1005 2585 ll

149 2609 380 2675 sumunda·
394 2615 404 2668 l

181 2767 224 2816 vix
236 2767 370 2828 sufficiunt]
388 2768 473 2831 Roget
489 2767 574 2816 Bacon
590 2764 661 2815 takes
672 2781 688 2815 a
699 2765 762 2815 view
772 2779 842 2814 more
858 2762 1003 2813 favourable

147 2852 176 2895 to
192 2845 237 2895 the
253 2845 378 2895 modems.
408 2843 517 2908 Though
534 2843 567 2893 he
583 2842 674 2893 admits
691 2842 746 2893 that
763 2841 964 2907 “sapientissimi
979 2847 1005 2891 et

147 2922 259 2972 maxime
274 2921 371 2985 experti
392 2921 537 2970 multotiens
553 2919 688 2969 maximam
704 2917 876 2972 difficultatem
893 2917 1005 2968 inlibris

147 2998 277 3064 reperiunt
293 2998 452 3062 antiquorum
460 2995 474 3020 '’
494 2997 554 3060 (Op.
575 2995 636 3060 Maj.
656 2995 674 3046 i.
693 2995 737 3056 4);
754 2995 787 3046 he
802 2995 866 3059 adds
879 2996 1004 3060 “semper

148 3076 300 3142 posteriores
316 3075 466 3124 addiderunt
482 3074 515 3122 ad
531 3089 608 3139 opera
623 3073 734 3138 priorum
751 3079 776 3122 et
792 3071 872 3122 multa
893 3087 1003 3123 correxe-

147 3152 232 3214 runt,”
250 3153 302 3202 and
318 3160 407 3217 quotes
421 3152 519 3203 Seneca
532 3151 598 3200 with·
611 3149 739 3216 approval
760 3151 879 3214 “quanto
895 3149 1004 3199 iuniores

149 3239 221 3282 tanto
243 3230 446 3296 perspicaciores,
467 3229 527 3294 quia
548 3228 657 3278 iuniores
678 3224 828 3292 posteriores
849 3226 1002 3281 successione

150 3315 293 3374 temporum
306 3306 478 3372 ingrediuntur
488 3305 587 3357 labores
597 3305 709 3370 priorum
716 3301 731 3325 ”
744 3304 771 3366 (i.
784 3303 820 3366 6).

567 3403 589 3447 G
