2324 3982
229 303 262 369 ᾖ
527 298 791 356 PHILOBIBLON

177 475 392 549 67corruptos.
435 473 514 534 Sane
540 491 606 548 nos,
628 472 681 551 qui
700 471 928 534 architectonici
951 474 1086 553 reputari

228 569 375 631 debemus
401 567 433 629 in
457 567 589 630 scientiis
611 579 643 631 et
668 568 810 631 subiectis
831 568 920 631 nobis
942 570 1087 632 omuibus

227 664 411 727 mechanicis
436 663 627 744 imperamus,
651 666 921 728 subalternatorum
944 665 1087 744 regimini

227 756 295 819 vice
322 777 408 819 versa
436 757 662 834 committimur,
693 769 839 836 tanquam
865 757 893 819 si
919 761 1087 821 monarcha

228 873 345 915 summe
370 853 483 916 nobilis
508 853 667 917 rusticanis
693 854 844 917 calcaneis
868 856 1115 938 substernerun5

227 951 329 1012 Sartor
344 962 376 1013 et
397 963 481 1014 sutor
501 962 533 1014 et
553 951 662 1014 scissor
678 952 852 1031 quicunque
869 972 907 1015 ac
923 952 1085 1017 cuiuslibet

228 1047 332 1110 artifex
345 1048 444 1126 operis
455 1048 589 1110 inclusos
607 1069 664 1111 nos
685 1049 818 1112 custodit
837 1049 869 1111 iu
888 1069 1009 1114 carcere
1028 1070 1085 1130 pro

228 1144 385 1223 superfluis
399 1157 429 1207 et
442 1143 560 1207 lascivis
574 1145 690 1208 deliciis
701 1147 887 1208 clericorum.

177 1244 216 1302 68
270 1243 337 1302 Iam
346 1243 486 1303 volumus
495 1242 638 1321 prosequi
648 1262 761 1304 novum
770 1263 865 1322 genus
874 1242 1011 1318 iniuriae,
1019 1263 1085 1322 quo

228 1349 291 1400 tam
304 1337 336 1399 in
350 1337 458 1401 nosffls
466 1339 602 1417 personis
615 1340 762 1402 betlimur
774 1360 866 1419 quam
877 1339 909 1403 in
923 1343 1013 1417 fama,
1022 1361 1085 1420 qua
1100 1369 1138 1405 ιο.

229 1435 305 1496 nihil
314 1435 413 1498 carius
422 1436 619 1514 possidemus.
655 1437 856 1500 Generositati
868 1448 988 1500 nostrae
998 1439 1085 1501 omni

228 1532 280 1595 die
294 1533 466 1609 detrahitur,
481 1535 555 1596 dum
568 1554 623 1614 per
634 1554 744 1613 pravos
757 1534 977 1614 compilatores,
990 1546 1085 1598 trans

228 1630 338 1692 latores
351 1640 382 1692 et
395 1632 652 1694 transformatores
666 1651 745 1695 nova
757 1631 847 1695 nobis
858 1643 1018 1695 auctorum
1031 1653 1086 1697 no

229 1725 312 1788 mina
338 1727 536 1806 imponuntur
563 1728 750 1807 etantiqua
776 1728 933 1792 nobilitate
959 1741 1084 1806 mutata,

229 1823 455 1901 regeneratione
474 1823 633 1904 multiplici
655 1836 847 1888 renascentes
867 1826 1128 1904 degeneramus15

229 1919 362 1981 omuino.
408 1920 517 2000 Sicque
538 1921 642 1983 vilium
665 1921 835 1984 vitricorum
853 1922 942 1985 nobis
958 1924 1089 1987 nolenti-⁴

228 2018 286 2079 bus
300 2019 459 2096 affiguntur
471 2019 618 2080 vocabula
631 2031 661 2081 et
675 2038 812 2081 verorum
829 2030 946 2097 patrum
960 2020 1085 2082 nomina

177 2112 216 2187 69
229 2112 297 2175 filiis
329 2116 543 2177 subducuntur.
596 2119 707 2178 Versus
734 2116 865 2194 Vergilii,
886 2117 988 2178 adhuc
1015 2117 1084 2195 ipso

229 2211 350 2274 vivente
363 2213 487 2290 quidam
500 2214 768 2292 pseudoversificus
781 2213 941 2293 usurpavit,
954 2225 986 2277 et
1001 2217 1083 2276 Mar·

229 2307 307 2369 tialis
322 2309 397 2370 Coei
414 2309 531 2371 libellos
552 2309 728 2372 Fidentinus
743 2309 867 2388 quidam
885 2309 943 2371 sibi
955 2312 1081 2373 menda·
1096 2334 1129 2369 ιο

228 2403 305 2466 citer
330 2406 486 2486 arrogavit,
515 2427 606 2485 quem
640 2407 722 2469 idem
757 2407 903 2470 Martialis
934 2408 1083 2488 redarguit

229 2503 336 2565 merito
350 2505 408 2565 sub
421 2503 468 2565 his
481 2503 597 2566 verbis:

262 2652 278 2703 3
288 2638 510 2704 imperavimusja
514 2639 714 2690 subaltemrum
721 2640 750 2689 D
757 2638 806 2690 edd
814 2643 824 2698 ll
831 2639 848 2689 6
855 2639 996 2705 saltorJal
1005 2648 1082 2703 year·

230 2718 332 2767 cen'sD
343 2720 353 2774 ΙΙ
367 2716 467 2781 roquia
478 2717 502 2765 A
515 2720 525 2774 ΙΙ
540 2716 569 2766 16
579 2718 737 2767 mitratorum
752 2717 780 2766 I)
796 2716 1011 2782 victrinbmanJa.
1023 2732 1085 2767 arec-

228 2801 312 2845 torum
326 2794 353 2843 in
368 2797 438 2858 mg.ll
457 2805 487 2856 19
496 2793 596 2858 quidem
606 2794 632 2843 A
641 2795 667 2843 B
678 2792 689 2859 ΙΙ
701 2806 731 2844 21
749 2795 879 2858 arrogavit
889 2795 975 2844 mario
985 2795 1033 2853 Dr

262 2921 387 2973 Martialis
402 2922 497 2984 Cocus]
521 2922 605 2973 Cocus
615 2938 646 2972 or
661 2923 764 2989 Coquus
778 2937 884 2988 appears
897 2928 925 2972 to
938 2921 1003 2972 bave
1017 2921 1083 2972 been

228 3001 290 3065 long
300 2999 421 3064 regarded
436 3016 464 3050 as
480 3016 496 3050 a
512 3015 652 3064 cognomen
663 3001 692 3050 of
706 2999 818 3060 Martial,
830 2998 881 3049 and
891 2999 919 3049 in
933 2999 976 3049 the
986 2996 1083 3050 middle

228 3092 289 3143 ages
307 3076 340 3126 he
359 3091 411 3126 was
427 3077 568 3140 constantly
584 3077 692 3128 referred
711 3083 738 3127 to
756 3092 784 3127 as
803 3076 928 3127 Martialis
948 3075 1040 3136 cocus,
1053 3092 1084 3127 or

228 3153 324 3218 merely
336 3168 364 3202 as
380 3153 471 3213 Cocus,
483 3169 530 3216 ag.
543 3150 576 3217 by
585 3153 654 3217 John
668 3153 699 3203 oi
712 3153 850 3217 Salisbury,
862 3153 978 3204 Polierat.
991 3152 1034 3204 vii.
1051 3164 1082 3203 12

228 3237 253 3279 α
262 3230 296 3280 al.
331 3227 388 3278 The
399 3229 480 3293 origin
491 3230 520 3278 of
527 3229 571 3279 the
585 3229 692 3280 mistake
706 3245 757 3280 was
767 3230 891 3295 probably
900 3246 917 3279 a
926 3229 1080 3296 mirreading

229 3307 258 3357 ol
267 3304 390 3357 Martialis
401 3312 485 3357 totuss
501 3306 547 3358 but
557 3322 600 3359 see
612 3306 716 3359 Smitlr’s
727 3308 795 3359 Dict.
808 3308 901 3372 Biogr,
913 3323 934 3358 r.
945 3322 969 3358 v.
