2324 3982
252 298 298 362 148
549 300 812 352 parroarrrtorr

248 480 282 530 ut
304 470 439 548 deploret
457 480 619 531 transactas
637 471 782 532 elationes
804 469 979 531 vanissimas
1002 482 1033 532 et
1055 490 1100 532 re·

248 576 354 627 tractet
372 568 594 645 indignationes
614 566 811 628 amarissimas
830 587 867 627 ae
885 568 1100 628 delectationes

247 663 448 724 insanissimas
463 665 634 725 detestetur.
664 665 771 742 Vigeat
785 683 839 725 sua
851 666 942 725 virtus
956 666 988 723 in
1001 666 1099 737 nobis,

247 779 317 820 cum
326 771 428 821 nostra
436 761 586 835 defecerit,
596 770 626 821 et
635 762 687 837 qui
696 771 830 822 nostrum
841 759 1007 838 ingressum
1015 780 1100 822 sacro

248 855 427 934 baptismate
466 859 650 918 consecravit
685 857 824 935 gratuito,
857 869 993 918 nostrum
1031 876 1125 935 pro·5

246 973 381 1033 gressum
389 956 547 1017 adstatum
555 953 753 1032 apostolicum
762 954 932 1016 sublimavit
940 954 1099 1030 immerito,

247 1062 383 1112 nostrum
417 1054 556 1130 dignetur
583 1071 733 1130 egressum
760 1054 950 1113 sacramentis
982 1051 1100 1114 idoneis

176 1156 234 1216 249
247 1148 441 1210 communire.
483 1152 611 1210 Laxetur
625 1169 643 1209 a
660 1161 762 1210 nostro
776 1148 880 1227 spiritu
893 1169 978 1210 amor
991 1149 1099 1222 carnis,

247 1257 407 1306 evanescat
426 1244 547 1322 penitus
567 1256 666 1307 metus
680 1245 792 1319 mortis,
809 1243 959 1306 desideret
977 1244 1100 1306 dissolvi

248 1352 278 1402 et
295 1360 360 1403 esse
380 1361 450 1403 cum
465 1343 594 1415 Christo,
610 1353 640 1403 et
661 1344 692 1402 in
708 1344 791 1404 terris
810 1343 876 1403 solo
889 1361 1016 1419 corpore
1029 1361 1103 1402 con·
1115 1366 1143 1400 ro

247 1441 341 1500 stituti
352 1438 533 1517 cogitatione
548 1450 577 1500 et
591 1438 732 1500 aviditate
745 1440 777 1499 in
787 1450 908 1499 aeterna
917 1440 1014 1516 patria
1027 1457 1100 1499 con·

247 1556 407 1597 versemur.
429 1539 517 1598 Pater
528 1537 795 1597 misericordiarum
804 1538 923 1597 etDeus
934 1535 1102 1596 totiuscon·

247 1633 400 1695 solationis
410 1632 604 1710 filioprodigo
613 1634 652 1694 de
662 1633 775 1710 siliquis
784 1632 943 1694 revertenti
953 1634 1102 1710 benignus

248 1743 392 1807 occurrat,
411 1732 586 1792 drachmam
602 1731 704 1792 denuo
722 1741 870 1808 repertam
889 1729 1012 1808 recipiat
1026 1741 1057 1791 et
1070 1732 1102 1789 in

285 1953 296 1989 1
315 1947 340 1990 et
357 1941 463 2005 deplores
482 1941 511 1990 D
523 1945 560 1998 112
576 1939 767 1989 insuavissima
782 1940 809 1989 E
823 1939 864 2003 Ja.
874 1944 912 2001 ll3
934 1945 1024 2003 urgeat
1039 1940 1080 2004 Ja.
1092 1943 1102 1997 ΙΙ

249 2017 662 2081 ssacramentobaptismatisDJa.
675 2017 839 2076 ll6immm'to
847 2051 938 2067 .....
949 2017 1103 2065 communire

248 2110 299 2144 om.
308 2094 365 2144 edd.
376 2099 385 2152 ΙΙ
400 2106 430 2143 10
440 2101 470 2142 ut
481 2095 509 2144 in
519 2096 544 2142 A
558 2099 567 2152 n
582 2107 608 2144 11
621 2109 794 2144 corasemmur
804 2095 827 2143 Α
841 2095 869 2143 D
879 2094 906 2142 E
918 2097 927 2150 ΙΙ

281 2293 433 2355 sublimavit]
451 2294 499 2359 Cp.
520 2295 611 2345 Erech.
631 2295 697 2345 xxxi.
719 2307 757 2345 10.
796 2295 852 2345 The
868 2294 951 2344 words
972 2293 1037 2344 from
1054 2295 1102 2344 im·

249 2374 335 2422 merito
351 2379 377 2421 to
391 2372 544 2421 communire
559 2373 678 2423 inclusive
690 2389 755 2435 were
771 2372 936 2435 accidentally
946 2372 1052 2422 omitted
1069 2373 1102 2437 by

248 2449 291 2499 the
310 2449 389 2498 scribe
408 2449 438 2498 of
452 2449 484 2508 L,
504 2449 553 2498 and
573 2449 656 2498 added
672 2448 707 2511 by
725 2447 778 2496 him
795 2448 822 2497 in
843 2449 886 2498 the
904 2449 1011 2512 margin.
1047 2449 1102 2498 The

248 2527 345 2591 copyist
361 2526 391 2575 of
403 2527 427 2576 L
437 2525 499 2576 took
515 2525 558 2575 the
571 2525 693 2590 marginal
708 2525 821 2574 addition
837 2524 876 2574 for
891 2524 984 2587 agloss
999 2540 1029 2574 or
1043 2532 1102 2575 note

248 2603 298 2652 and
315 2603 420 2653 omitted
437 2602 465 2663 it,
484 2603 534 2651 and
550 2602 629 2652 hence
650 2602 670 2650 it
692 2602 841 2666 iswanting
863 2601 891 2650 in
916 2601 959 2651 the
985 2603 1041 2652 edit.
1056 2610 1098 2666 pr.

234 2680 367 2744 ¹Cocheris
378 2680 432 2729 also
444 2680 518 2729 omits
533 2679 611 2740 them,
624 2678 720 2743 though
735 2678 796 2743 they
809 2694 851 2730 are
867 2677 1008 2742 absolutely
1017 2694 1101 2729 neces·

248 2772 304 2820 sary
314 2763 341 2805 to
351 2756 475 2821 complete
487 2756 530 2807 the
540 2772 619 2806 sense.

281 2834 405 2883 desideret
416 2833 528 2895 dissolvi]
546 2834 622 2882 From
635 2832 699 2882 Phil.
713 2832 731 2883 i.
745 2844 785 2895 23.

281 2925 385 2974 corpore
391 2910 529 2972 constituti]
547 2911 594 2976 Cp.
603 2911 703 2974 Jerome
711 2909 890 2974 contravigit„
900 2925 921 2960 c.
933 2909 967 2971 63
984 2911 1101 2975 August,

250 2988 290 3037 De
302 2987 357 3038 Civ.
371 2988 430 3048 Dei,
442 2988 491 3036 xxi.
503 3001 540 3049 24

281 3066 464 3126 conversemur]
482 3065 546 3115 Phil.
560 3065 595 3114 iii.
610 3077 657 3115 20:
672 3065 792 3114 “Nostra
808 3071 892 3114 autem
909 3065 1065 3115 conversatio
1076 3064 1100 3113 in

248 3142 323 3192 caelis
334 3141 398 3192 est.”

281 3220 313 3268 de
324 3218 429 3283 siliquis]
447 3219 493 3284 Cp.
509 3218 580 3269 Lulre
591 3236 630 3268 xv.
648 3219 728 3280 1647.

281 3296 426 3345 drachmam
437 3296 570 3360 repertam]
588 3297 636 3360 Cp.
651 3295 723 3346 Luke
734 3312 774 3346 xv.
789 3294 839 3357 8·9.
