2324 3982
435 296 661 349 CAPITULUM
677 296 746 349 Μ’
973 301 1004 359 35

151 479 255 529 nostra
267 468 574 545 ulcera-cataplasmet
585 488 594 542 3
612 466 668 528 sed
680 464 809 544 pannosi
823 476 854 526 et
867 464 960 543 algidi
973 465 1006 526 in

151 567 279 643 angulos
308 566 486 626 tenebrosos
516 563 672 638 abicimur,
706 562 740 623 in
772 561 902 624 lacrimis
936 581 1005 623 cum

152 671 259 724 sancto
283 663 341 723 Iob
356 661 396 722 in
418 659 606 739 sterquilinio
629 661 821 733 collocamur,
843 662 899 735 vel,
921 660 1006 737 quod

152 761 238 820 nefas
273 757 394 821 -videtur
430 760 531 834 effatu,
565 757 599 819 in
636 756 751 836 abyssis
792 757 1007 818 abscondimur

100 872 136 947 55
152 857 332 917 cloacarum.
375 855 516 916 Pulvinar
535 853 716 917 subtrahitur
736 854 916 932 evangelicis
939 873 1006 932 sup
1020 866 1037 915 5.

151 953 329 1032 ponendum
356 952 507 1028 lateribus,
530 952 642 1030 quibus
668 951 767 1030 primo
794 953 940 1014 deberent
966 952 1018 1014 de*

152 1051 285 1112 sortibus
305 1049 486 1112 clericorum
507 1048 666 1128 provenire
688 1048 824 1110 subsidia
846 1060 878 1111 et
900 1047 944 1109 sic
965 1049 1007 1110 ad

101 1176 103 1181 ·
151 1167 210 1209 nos
233 1167 288 1209 suo
311 1146 469 1208 famulatui
491 1147 682 1224 deputandos
706 1165 761 1224 pro
782 1164 901 1224 semper
922 1165 1005 1208 com·

152 1244 363 1319 muniwictus
376 1243 561 1306 necessarius
574 1243 708 1306 derivari

100 1355 138 1416 56
194 1345 310 1403 Rursus
330 1344 370 1404 de
385 1342 446 1404 alio
467 1359 574 1420 genere
592 1340 768 1402 calamitatis
784 1339 1005 1419 conquerimur,
1021 1364 1051 1401 ιο

152 1458 232 1518 quae
261 1439 397 1518 personis
422 1439 531 1500 nostris
559 1438 689 1500 crebrius
716 1438 861 1517 irrogatur
886 1437 1005 1498 iniuste.

152 1539 234 1597 Nam
247 1535 280 1596 iu
298 1552 400 1603 servos
416 1534 578 1597 vendimur
595 1545 627 1596 et
643 1535 767 1596 ancillas
787 1545 819 1596 et
835 1533 957 1595 obsides
973 1532 1006 1594 in

150 1633 284 1695 tabernis
303 1635 418 1711 absque
437 1634 626 1711 redemptore
642 1631 781 1693 iacemus
825 1629 1006 1692 Macellariis

150 1732 323 1794 crudelibus
355 1729 519 1807 subdimur,
554 1729 606 1791 ubi
639 1728 763 1790 mactari
798 1739 859 1790 tam
895 1743 1006 1806 pecora

151 1847 244 1906 quam
265 1829 400 1890 iumenta
418 1827 484 1889 siue
505 1827 564 1906 piis
584 1825 713 1888 lacrimis
735 1845 797 1887 uon
817 1826 954 1888 videmus
975 1836 1050 1898 et15

150 1926 360 1989 ubimillesies
374 1927 517 1988 morimur
529 1925 597 2003 ipso
609 1936 702 2000 metu,
717 1925 769 2002 qui
782 1927 890 1987 cadere
903 1936 1005 2002 posset

150 2023 184 2084 in
206 2033 403 2085 constantem.
447 2022 567 2084 Iudaeis
586 2021 810 2096 committimur,
827 2022 1004 2096 sarracenis,

150 2120 309 2182 haereticis
329 2133 361 2183 et
380 2119 513 2198 paganis,
537 2139 668 2198 quorum
693 2139 783 2197 super
807 2119 911 2180 omnia
933 2118 1006 2180 toxi-

150 2237 221 2279 cum
243 2217 446 2292 formidemus,
470 2234 525 2294 per
547 2235 626 2293 quos
649 2217 812 2277 nonnullos
834 2217 874 2278 de
897 2215 1006 2278 nostris

117 2341 121 2346 ·
149 2314 324 2394 parentibus
350 2333 404 2393 per
426 2330 577 2375 venenum
603 2313 777 2392 pestiferum
798 2324 918 2376 constat
940 2331 1006 2374 esse
1018 2337 1051 2372 ιο

187 2489 198 2526 1
215 2478 322 2526 vulnera
337 2476 395 2526 edd.
410 2474 421 2541 11
438 2489 454 2526 2
469 2475 575 2526 laternis
590 2476 666 2526 Lvel
678 2491 735 2525 cum
751 2475 810 2525 edd.
824 2469 836 2539 ΙΙ
851 2489 868 2537 4
883 2475 965 2540 affatu
980 2474 1007 2524 B

150 2554 219 2604 mihi
227 2553 302 2618 effari
310 2553 366 2604 edd.
379 2558 389 2612 ΙΙ
403 2565 432 2602 12
449 2569 493 2603 nor
502 2554 532 2602 D
548 2557 558 2612 ΙΙ
577 2564 606 2603 ra
622 2552 800 2602 cmundamur
814 2552 871 2601 edd.
891 2549 903 2614 ΙΙ
923 2563 952 2614 13
968 2567 1005 2602 re·

149 2631 288 2695 dampnosa
305 2630 363 2682 edd.
384 2631 414 2680 ἐκ
431 2630 539 2680 calatin
551 2627 648 2695 vulgoll
666 2639 695 2691 17
704 2635 862 2678 commutem
876 2643 964 2707 ρωπίᾳ
979 2631 1004 2679 A

150 2709 237 2759 virum
248 2724 299 2759 om.
312 2708 462 2774 BDEJa.
474 2709 504 2758 r'n
514 2706 788 2773 miumpossstvulgon

185 2848 235 2897 Iob
246 2847 273 2897 in
284 2845 451 2913 sterquilinio]
469 2847 516 2912 Cp.
529 2847 580 2912 Job
590 2847 616 2896 ii.
631 2844 654 2897 8.

184 2925 212 2975 in
222 2941 306 2975 servos
316 2925 447 2975 vendimur
457 2930 482 2974 et
493 2923 608 2988 ancillas]
627 2925 704 2974 From
714 2924 790 2974 Deut.
802 2923 886 2974 xxviii.
900 2922 941 2976 68.

184 3003 212 3052 iu
233 3003 400 3064 constantem]
435 3001 568 3066 Referring
583 3008 611 3052 to
620 3001 664 3052 the
674 3001 742 3067 legal
752 3002 847 3051 maxim
857 3001 949 3062 which,
962 3003 1005 3053 de·

152 3080 223 3130 tired
238 3094 274 3130 no
282 3080 363 3130 doubt
373 3079 482 3144 mrough
493 3079 548 3129 Aac
564 3079 629 3128 from
645 3079 689 3129 the
705 3078 805 3144 Digest,
817 3080 839 3130 is
849 3079 877 3128 in
888 3079 1007 3142 Bractou,

151 3158 179 3208 il.
200 3166 224 3221 ς.
245 3170 293 3220 142
328 3157 488 3208 “Debemus
507 3157 622 3222 occipere
637 3163 732 3206 metum
748 3172 800 3206 nou
817 3193 867 3208 ...
887 3157 946 3208 vani
964 3158 1006 3209 vel

151 3234 294 3286 meticulosi
308 3234 417 3284 hominis
432 3234 476 3286 ssd
486 3234 564 3285 talem
574 3234 618 3299 qui
629 3235 719 3285 cadere
728 3235 808 3299 possit
818 3235 845 3284 iu
855 3235 936 3285 virum
945 3250 1005 3287 con·

152 3310 288 3363 stantem.”
321 3312 353 3363 Iu
363 3311 407 3363 the
418 3311 518 3379 Digest,
529 3312 598 3373 ivea,
611 3312 632 3363 it
640 3312 665 3362 is
675 3311 741 3363 cited
752 3311 817 3363 from
827 3313 914 3366 uuus
