2324 3982
494 301 720 354 CAPITULUM
736 302 776 353 ΙΙ.
1019 307 1049 362 17

198 469 321 548 gibilius
334 469 395 546 illo,
414 489 470 548 pro
490 489 552 548 quo
568 471 675 547 datur3
695 468 843 548 sapientia
861 479 961 530 autem
976 464 1051 527 nihil

198 567 307 628 melius
320 587 387 628 esse
400 578 518 645 potest3
540 569 737 645 quamobrem
756 565 919 644 sapientiae
932 566 1049 625 nullum

197 665 297 742 potuit
309 665 474 742 praemium
488 664 638 743 assignari
681 667 761 742 Ergo
775 683 832 723 nec
852 662 973 725 divitiae
992 680 1050 722 nec

146 783 183 840 32
199 762 326 823 deliciae
339 762 514 840 sapientiam
525 763 717 824 antecellunt.
758 764 873 822 Rursus
886 758 1049 821 amicitiam

197 858 310 920 divitiis
322 859 566 936 praeponendam
580 860 661 919 solus
674 857 795 936 negabit
813 858 964 936 insipiens,
979 877 1048 917 cum
1064 871 1076 921 ⁵

197 956 434 1035 sapientissimus
460 958 519 1018 hoc
544 966 668 1017 testetur
675 977 685 1031 ;
712 954 861 1017 amicitiae
883 975 953 1016 vero
977 954 1050 1016 veri·

195 1064 289 1116 tatem
303 1053 582 1132 hierophilosophus
601 1055 800 1131 praehonorat
817 1064 848 1114 et
860 1072 948 1115 verus
961 1055 1050 1114 Zoro

196 1152 288 1212 babel
305 1151 445 1213 omnibus
463 1151 628 1229 anteponit
671 1152 803 1218 Subsunt
821 1149 910 1228 igitur
928 1148 1049 1211 divitiae

196 1248 323 1310 veritati.
365 1248 530 1310 Veritatem
553 1267 625 1309 vero
645 1247 801 1325 potissime
820 1259 851 1309 et
874 1258 995 1308 tuentur
1018 1256 1048 1308 et

195 1346 355 1407 continent
363 1345 437 1407 sacri
448 1345 524 1421 libri,
534 1344 629 1407 immo
642 1355 713 1406 sunt
725 1344 832 1406 veritas
843 1344 907 1422 ipsa
921 1344 1031 1422 scripta
1038 1364 1049 1419 3
1063 1364 1093 1399 10

197 1444 342 1521 quoniam
364 1463 419 1521 pro
435 1462 518 1504 nunc
532 1442 676 1505 librorum
693 1461 809 1504 asseres
824 1443 966 1504 librorum
985 1461 1048 1503 non

196 1540 357 1601 asserimus
374 1560 441 1602 esse
461 1550 570 1618 partes.
611 1541 817 1617 Quamobrem
835 1539 957 1601 divitiae
980 1541 1048 1603 sub

196 1649 268 1699 sunt
288 1637 379 1713 libris,
400 1637 573 1716 praesertim
593 1657 663 1698 cum
686 1637 933 1715 pretiosissimum
953 1656 1048 1715 genus

196 1734 367 1797 divitiarum
409 1735 545 1797 omnium
579 1734 639 1795 sint
669 1734 767 1810 amici,
805 1734 881 1796 sicut
912 1737 1047 1797 secundo

197 1835 237 1895 de
265 1833 480 1896 Consolatione
506 1843 632 1894 testatur
659 1832 791 1908 Boetius,
815 1833 924 1910 quibus
945 1845 1047 1895 tamen
1062 1845 1092 1895 15
1115 1833 1116 1836 ’

195 1932 339 1992 librorum
356 1931 465 1992 veritas
485 1940 531 1992 est
554 1949 607 2008 per
628 1929 821 1993 Aristotelem
844 1933 1046 2010 praeferenda

229 2095 243 2150 5
261 2102 309 2136 esse
327 2087 512 2152 premendam
525 2087 564 2152 Ja
577 2086 588 2152 ΙΙ
602 2097 616 2149 7
632 2088 749 2152 serapias
765 2089 790 2137 A
806 2089 833 2138 B
846 2089 875 2138 D
891 2090 1048 2154 rerapririsE

195 2165 405 2229 araphaiosoplzus
424 2177 434 2214 1
448 2165 668 2229 kt'erophilosoplrus
682 2166 722 2230 Ja.
739 2164 750 2230 ss
764 2177 795 2214 ιο
810 2167 935 2232 scriptura
952 2166 1003 2232 Du
1018 2178 1047 2228 14

194 2242 260 2291 sr‘cut
275 2248 298 2290 et
316 2242 346 2290 de
361 2243 390 2291 D
399 2241 409 2305 ΙΙ
424 2250 452 2305 15
464 2242 632 2291 attestaturB
640 2241 651 2306 ΙΙ

227 2380 433 2446 sapientissimus]
459 2381 501 2431 No
520 2381 599 2431 doubt
622 2381 760 2432 Salomon:
787 2396 826 2447 cp.
847 2380 925 2431 Eccli.
948 2381 983 2430 vi.
1006 2390 1044 2446 15,

196 2459 216 2486 “
230 2458 323 2508 Amico
348 2459 417 2508 fideli
441 2459 511 2508 nulla
536 2465 574 2509 est
596 2458 758 2522 comparatio,
786 2467 811 2508 et
835 2474 887 2508 non
910 2465 947 2509 est
971 2459 1047 2524 digna

192 2537 342 2601 ponderatio
361 2536 416 2585 auri
437 2545 524 2586 contra
544 2536 682 2586 bonitatem
704 2535 762 2586 fidei
787 2535 881 2586 illius.”
924 2536 1047 2586 Whether

194 2614 318 2663 Solomon
336 2613 357 2662 is
374 2612 427 2662 also
446 2619 530 2663 meant
548 2613 582 2677 by
600 2612 642 2663 the
663 2615 681 2640 ‘⁴
690 2611 948 2678 hierophilosophus”
964 2614 986 2663 is
1003 2620 1047 2664 not

192 2691 263 2754 quite
279 2705 307 2738 so
326 2689 399 2740 clear.
434 2689 490 2740 The
505 2691 639 2741 sentiment
653 2689 709 2741 that
723 2690 792 2740 truth
804 2691 824 2740 is
835 2698 862 2740 to
873 2691 905 2741 be
917 2691 1046 2740 honoured

191 2767 279 2816 before
295 2766 433 2832 friendship
446 2767 468 2816 is
483 2783 552 2818 more
564 2768 616 2817 like
629 2765 768 2818 Aristotle’s
785 2766 855 2816 ὅσιον
865 2769 988 2832 προτιμᾶν
999 2769 1046 2827 τὴν

192 2841 314 2903 ἀλήθειαν
330 2844 399 2902 (Eth.
416 2844 432 2894 i.
449 2843 474 2904 6,
493 2844 526 2908 5).
571 2844 627 2895 The
641 2845 712 2895 word
733 2843 1013 2910 “hierophilosophus”
1031 2845 1045 2893 1

191 2921 257 2971 hare
267 2927 311 2970 not
323 2920 399 2970 found
411 2921 551 2972 elsewhere.

225 2998 375 3059 Zorobabel]
392 2997 448 3048 The
465 2998 590 3049 reference
604 2998 626 3048 is
640 2998 670 3048 of
678 3014 765 3048 course
779 3004 807 3047 to
821 2998 864 3047 the
875 3004 943 3062 story
953 2999 1007 3048 told
1019 3000 1045 3050 in

193 3088 208 3139 3
221 3076 321 3134 Esdras,
336 3075 371 3124 iii.
388 3087 470 3135 1042,
482 3075 515 3125 iv.
532 3088 579 3139 133
596 3076 646 3125 and
657 3076 712 3126 also
723 3076 749 3124 iu
758 3076 891 3140 Josephus‚
905 3076 938 3126 xi.
952 3088 975 3138 3.

224 3150 310 3216 amici]
323 3152 364 3201 De
376 3152 451 3202 Cons.
466 3152 542 3213 Phil,
555 3153 580 3202 ii.
592 3169 629 3218 pr.
644 3152 659 3203 8
671 3169 678 3202 a
697 3153 819 3202 “Desine
829 3169 894 3202 nunc
905 3160 930 3203 et
941 3155 1044 3206 amissas

190 3245 252 3295 opes
271 3246 388 3296 quaerere
398 3247 408 3291 ς
425 3231 493 3296 quod
509 3232 713 3297 pretiosissimum
732 3231 875 3281 divitiarum
896 3248 974 3297 genus
996 3243 1040 3293 est,

190 3308 287 3358 amicos
298 3307 441 3359 invenisti.”

606 3404 626 3449 C
