2324 3982
437 319 664 373 CAPITULUM
680 321 735 371 III.
971 331 1001 370 21

151 493 238 550 Prov.
256 495 324 566 23⁰:
354 487 519 561 veritatem,
530 487 640 565 inquit,
654 507 722 549 eme
742 498 772 550 et
791 487 853 550 noli
873 489 1005 550 vendere

150 584 338 664 sapientiam.

102 696 138 750 40
192 683 253 744 Sed
266 682 352 758 quod
364 679 512 742 rhetorice
525 681 686 742 suademus
696 682 744 742 vel
753 681 858 760 logice,
870 683 1004 745 adstrua-

150 799 219 841 mus
246 776 376 839 historiis
396 776 440 838 rei
460 788 572 856 gestae.
613 777 904 857 Archiphilosophus
924 779 1005 841 Aris·

150 877 268 950 toteles‚
283 893 374 952 quem
388 877 534 936 Averroes
548 875 652 935 datum
667 885 753 952 putat
767 875 852 952 quasi
870 878 1003 954 regulam
1019 903 1032 952 ς

150 973 183 1035 in
195 984 307 1046 natura,
323 991 435 1049 paucos
444 970 536 1033 libros
544 970 703 1050 Speusippi
713 983 783 1049 post
796 971 889 1050 ipsius
904 974 1005 1036 deces-

151 1089 219 1132 sum
233 1089 288 1147 pro
301 1067 488 1146 septuaginta
501 1068 620 1129 duobus
640 1067 771 1130 millibus
791 1068 932 1130 sestertiis
949 1081 1007 1131 stas

151 1166 206 1228 tim
231 1168 310 1228 emit
354 1167 451 1241 Plato,
470 1165 552 1242 prior
565 1175 699 1243 tempore
713 1166 768 1227 sed
782 1166 925 1228 doctrinis
939 1187 1006 1245 pos

150 1262 252 1338 terior,
266 1261 395 1324 Philolai
408 1261 597 1341 Pythagorici
611 1262 719 1323 librum
734 1263 806 1324 emit
824 1283 879 1341 pro
897 1265 1004 1325 decern

150 1359 282 1421 millibus
297 1357 495 1435 denariorum,
511 1360 552 1421 de
572 1379 635 1438 quo
653 1358 762 1420 dicitur
775 1359 895 1421 Timaei
908 1361 1003 1422 dialo-
1020 1385 1049 1420 ro

150 1477 222 1535 gum
246 1456 437 1534 excerpsisse,
453 1456 529 1519 sicut
550 1458 639 1518 refert
661 1459 699 1517 A.
719 1456 845 1532 Gellius,
859 1457 1004 1518 Noctium

102 1579 134 1632 41
150 1554 318 1616 Atticarum
339 1554 415 1615 libro
436 1554 532 1630 tertio,
547 1553 679 1632 capitulo
696 1560 753 1631 17⁰.
796 1557 885 1616 Haec
903 1566 1004 1616 autern

149 1661 249 1715 narrat
276 1654 314 1711 A.
343 1649 466 1725 Gellius,
488 1661 522 1711 ut
548 1652 715 1731 perpendat
741 1651 885 1730 insipiens
913 1672 1004 1730 quarn

150 1748 370 1826 nihilipendant
403 1748 555 1826 sapientes
588 1748 747 1826 pecuniam
781 1749 1004 1828 comparatione

150 1845 300 1906 librorum.
337 1847 378 1906 Et
391 1865 409 1906 e
422 1844 581 1918 contrario,
595 1855 630 1906 ut
643 1845 726 1906 omni
741 1847 898 1925 superbiae
912 1847 1004 1909 stulti·
1019 1868 1047 1918 ¹5

149 1941 223 2003 tiam
246 1960 463 2020 cognoscamus
490 1960 645 2017 annexam,
667 1942 740 2005 libet
771 1943 822 2003 hic
847 1944 1004 2022 anuinii

149 2038 276 2117 Superbi
296 2039 452 2099 stultitiam
467 2057 623 2101 recensere
636 2038 668 2100 in
676 2038 905 2117 parvipensione
916 2041 1004 2103 libro

148 2155 225 2210 rum,
241 2154 333 2213 quam
352 2137 443 2196 refert
462 2135 544 2199 idem
562 2139 599 2197 A
618 2136 742 2211 Gellius,
763 2139 909 2198 Noctium
928 2139 1004 2200 Atti-

102 2258 134 2311 μ
150 2251 253 2292 carum
267 2231 343 2292 libro
357 2231 461 2309 primo,
477 2251 542 2310 cap.
562 2238 617 2310 19⁰.
660 2235 771 2294 Vetula
778 2237 927 2311 quaedam
942 2255 1004 2296 orn-

150 2327 224 2389 nino
245 2327 397 2406 incognita
417 2329 456 2390 ad
479 2328 678 2405 Tarquinium
703 2331 883 2408 Superbum,
903 2351 1003 2410 regem
1017 2351 1049 2387 20

185 2498 213 2536 ιι
226 2487 260 2536 Α.
277 2486 369 2536 Gellius
380 2503 430 2537 om.
443 2490 468 2536 A
480 2489 513 2537 A.
531 2487 662 2539 Gellius..
678 2524 684 2539 .
699 2496 851 2539 narratum.
863 2491 908 2554 ΒΙΙ
921 2502 950 2539 12
964 2501 1005 2552 ¹7⁰

148 2579 200 2615 om.
218 2564 244 2614 B
259 2571 282 2612 ι’
302 2563 342 2614 160
352 2565 426 2615 codd.
442 2566 452 2628 ΙΙ
471 2573 500 2628 15
511 2565 539 2615 Ε
554 2566 678 2616 contrarie
691 2565 720 2617 D
737 2564 748 2630 ΙΙ
770 2575 799 2629 17
820 2567 963 2632 inpensione
976 2569 1004 2617 E

148 2641 298 2705 impensione
306 2641 346 2705 Ja.
357 2642 367 2702 ΙΙ

182 2780 293 2844 regulam
304 2780 331 2830 in
341 2778 441 2841 ustura]
455 2780 497 2830 On
508 2779 551 2830 the
562 2781 603 2832 De
614 2780 715 2842 Anima,
730 2781 766 2830 iii.
778 2781 818 2832 ed.
834 2790 904 2845 1550,
918 2781 935 2831 f.
950 2783 1003 2845 169.

148 2856 206 2907 The
216 2872 320 2922 passage
330 2857 352 2906 is
363 2857 456 2922 quoted
467 2858 502 2921 by
512 2857 631 2908 Albertus
642 2858 759 2922 Magnus,
768 2859 835 2923 Opp.
847 2859 882 2909 iii.
896 2870 941 2923 135
953 2861 1004 2910 and

149 2933 271 2998 Aegidius
288 2932 411 2995 Colonna,
426 2932 587 2998 Quodlibeta,
600 2934 636 2985 iii.
650 2949 691 2999 qu.
708 2946 747 2998 13,
761 2935 811 2984 and
826 2935 965 2986 isreferred
976 2943 1004 2987 to

149 3010 184 3075 by
201 3011 286 3074 Roger
302 3011 396 3073 Bacon,
413 3010 464 3076 Op.
483 3009 558 3076 Maj,
578 3026 604 3076 p.
626 3021 677 3073 27:
694 3026 735 3062 see
752 3009 850 3074 Renan,
869 3010 1001 3076 Averroes,

182 3163 250 3229 prior
264 3160 389 3228 tempore]
415 3161 461 3228 Cp.
475 3163 580 3215 Aristot.
594 3163 685 3215 Meti.
699 3175 715 3228 3
730 3164 760 3215 os
771 3165 942 3230 Empedokles
952 3167 1004 3218 aud

150 3241 330 3305 Anaxagoras:
355 3241 388 3305 τῇ
398 3241 445 3306 μὲν
458 3239 542 3306 ἡλικίᾳ
552 3239 670 3306 πρότερος
684 3241 720 3291 ὢν
736 3240 825 3292 τούτου
836 3247 889 3303 τοῖς
900 3241 1004 3311 δ’ἔργοις

149 3317 257 3383 ὕστερος.
