2324 3982
434 250 662 310 CAPITULUM
677 255 728 308 tx.
975 255 1010 320 89

154 421 315 500 nepotibus
328 433 359 484 et
371 422 502 484 alumnis
520 421 737 484 ecclesiasticas
753 419 913 500 dignitates
930 420 1009 483 anti-

154 517 266 598 cipanu
281 538 374 597 quam
394 530 519 582 naturae
538 538 680 582 successu
700 521 749 581 vel
762 519 917 582 doctrinae
931 530 1015 582 tems
1043 592 1058 607 ·

153 615 236 694 perie
250 628 474 678 maturescant¹
539 654 543 664 .

106 706 139 782 5⁶
194 715 267 788 Isto,
291 733 347 790 pro
369 715 473 776 dolor!
503 732 691 793 paroxysmo‚
715 733 806 791 quem
830 712 1008 792 plangimus,

153 809 320 873 Parisierrse
346 810 511 888 palladium
539 810 648 873 nostris
674 811 796 873 maestis
823 811 1035 889 temporibuss

151 907 303 970 cemimus
326 906 388 969 iam
415 909 575 983 sublatum,
606 907 658 969 ubi
686 908 789 986 tepuit,
825 908 920 970 immo
946 911 1008 970 fere

152 1004 253 1083 {riguit
274 1007 355 1066 zelus
376 1007 498 1068 scholae
518 1005 722 1080 tamnobilis,
736 1005 823 1067 cuius
839 1006 912 1068 olim
931 1005 1009 1068 radii

152 1103 254 1164 lucem
297 1104 413 1165 dabant
450 1101 597 1164 universis
629 1102 746 1181 angulis
783 1103 865 1165 orbis
902 1115 1006 1166 terrae

152 1198 291 1276 Quiescit
310 1199 425 1261 ibidem
445 1199 506 1260 iam
524 1201 658 1261 calamus
679 1199 778 1261 omnis
799 1200 922 1275 scribae,
950 1218 1009 1261 uec

150 1295 296 1357 librorum
310 1295 464 1374 generatio
483 1308 663 1374 propagatur
675 1295 812 1371 ulterius,
824 1316 881 1358 nec
894 1297 1007 1374 estqui
1022 1312 1052 1351 ¹0

149 1391 275 1470 incipiat
288 1413 383 1454 novus
398 1403 503 1453 auctor
516 1392 628 1454 haberi.
663 1395 824 1454 Involvunt
845 1393 1007 1456 sententias

150 1489 339 1552 sermonibus
360 1489 515 1568 imperitis,
535 1501 565 1552 et
586 1489 684 1551 omnis
698 1490 812 1568 logicae
827 1490 1007 1568 proprietate

149 1586 304 1664 privantur
311 1608 321 1662 ;
342 1585 399 1647 nisi
413 1587 497 1664 quod
507 1585 688 1664 Anglicanas
698 1586 885 1661 subtilitates,
897 1586 1007 1664 quibus

150 1684 248 1762 palam
264 1684 433 1759 detrahunt,
448 1681 555 1762 vigiliis
569 1682 682 1744 furtivis
694 1682 863 1744 addiscunt

106 1796 136 1858 57
192 1780 331 1842 Minerva
357 1779 500 1841 mirabilis
528 1780 664 1841 nationes
691 1781 848 1841 hominum
883 1780 1007 1843 circuire
1022 1797 1050 1846 ¹5

148 1878 276 1953 videtur,
297 1888 329 1938 et
345 1898 365 1938 a
385 1880 446 1939 fine
464 1897 562 1955 usque
582 1879 623 1939 ad
643 1879 736 1938 finem
752 1877 870 1956 attingit
883 1871 1006 1954 fortiter,

185 2052 197 2090 1
215 2045 344 2105 aucupant
354 2039 411 2090 edd
421 2043 431 2097 ΙΙ
443 2053 586 2089 asuccesrus
596 2039 706 2089 doctrine
716 2047 820 2104 tempore
830 2039 857 2090 in
867 2040 986 2090 rasuraE
995 2043 1007 2099 ll

148 2119 219 2183 ue’str
229 2118 259 2167 D
275 2122 285 2176 ΙΙ
296 2117 313 2167 6
323 2117 399 2166 immo
409 2117 454 2166 ubi
459 2116 621 2182 serefn'guit
631 2117 688 2167 edd.
700 2122 710 2175 ll
725 2127 753 2181 15
766 2118 894 2168 mirabiles
905 2117 962 2168 edd.
977 2121 987 2176 ΙΙ

182 2255 372 2322 incipiatnovus
380 2255 571 2318 auctorbaberi]
590 2256 646 2307 The
657 2255 748 2321 phrase
759 2255 781 2306 is
792 2255 856 2306 from
865 2256 939 2319 Cato,
948 2257 1007 2308 Dis·

150 2333 251 2395 tichai.
263 2346 292 2384 12
301 2350 315 2384 :v
324 2332 541 2398 “Rumoresiuge,
549 2349 581 2384 ne
588 2333 779 2398 incipiasnovus
786 2341 873 2383 auctor
880 2333 968 2384 haberi
977 2332 1008 2396 ”3

150 2411 170 2461 it
180 2411 203 2461 is
213 2411 308 2476 quoted
319 2411 353 2475 by
362 2411 548 2470 Bonaventuru,
560 2412 694 2476 Speculum
704 2411 870 2477 Dricrpliuae,
883 2411 899 2460 i.
914 2410 956 2475 36.

181 2487 336 2552 Anglicanas
346 2486 508 2548 subtilitates]
525 2487 574 2552 Cp.
588 2502 609 2538 c.
624 2487 676 2537 viii.
691 2503 710 2538 s.
729 2499 783 2551 134,
797 2487 836 2536 ior
850 2488 858 2513 ‘
866 2488 1007 2552 Anglicana

150 2561 339 2628 perspicacitas’
354 2578 382 2612 as
398 2564 511 2628 opposed
531 2570 558 2613 to
581 2564 742 2615 ‘Parisiensis
759 2562 889 2616 soliditas’
922 2565 1007 2616 Wood

151 2656 206 2705 says
218 2640 298 2690 “that
314 2641 357 2691 the
373 2648 439 2690 most
461 2641 544 2691 subtle
563 2643 668 2706 arguing
687 2642 714 2691 in
731 2642 817 2692 school
836 2642 943 2707 divinity
961 2642 1006 2693 did

150 2719 210 2769 take
221 2719 255 2768 its
271 2717 409 2783 beginning
429 2717 456 2768 in
473 2718 591 2783 England
607 2719 657 2769 and
674 2719 738 2769 from
754 2719 939 2784 Englishmen3
956 2721 1007 2771 und

151 2796 204 2846 that
219 2795 273 2845 also
284 2795 348 2846 from
365 2795 455 2846 thence
471 2796 491 2846 it
508 2803 574 2846 went
590 2803 617 2846 to
635 2797 704 2846 Paris
714 2794 737 2846 :’‘
759 2797 827 2846 Hist.
842 2795 932 2848 orti.
949 2804 1004 2861 159.

152 2871 206 2923 The
224 2872 323 2922 remark
340 2887 425 2922 comes
443 2871 507 2922 from
525 2871 669 2922 Alexander
689 2872 853 2932 Minutianus,
872 2873 966 2936 quoted
979 2873 1007 2923 in

152 2947 213 3011 Pits,
226 2965 251 3014 p.
267 2961 324 3012 341.
347 2989 348 2992 ,

181 3027 267 3092 palam
283 3025 428 3087 detrahunt]
444 3026 491 3091 Cp.
508 3026 545 3077 St.
557 3026 668 3091 Jerome,
681 3025 760 3092 praef.
773 3026 800 3076 in
817 3025 937 3091 Paralip,
953 3025 1006 3077 “in

152 3104 252 3168 publico
263 3104 421 3154 detrahentes
432 3108 458 3154 et
468 3104 579 3167 legentes
589 3104 616 3154 in
627 3102 745 3168 angulo.”

181 3181 294 3246 attingit]
311 3182 387 3231 From
396 3180 476 3230 Wisd.
489 3181 541 3230 viii.
556 3193 579 3232 1:
600 3182 618 3208 “
627 3181 727 3246 attingit
734 3195 793 3246 ergo
804 3179 878 3231 afine
886 3180 1006 3246 usquead

155 3257 227 3316 finem
238 3259 334 3310 fortiter
345 3255 517 3324 (sapientia).”
