2324 3982
378 289 605 344 CAPITULUM
626 290 655 342 V.
905 301 937 355 41

85 460 211 524 infinitis
235 461 362 539 posteris
394 462 527 538 valitura,
560 461 610 524 cui
640 464 722 525 nulla
746 462 938 541 virgultorum

85 558 240 637 plantatio,
261 560 344 621 nulla
367 559 515 621 seminum
537 559 614 621 satio
633 571 833 638 comparatur,
855 562 938 623 nulla

84 655 224 717 bucolica
241 655 395 718 curiositas
413 656 613 734 quorumlibet
630 667 842 732 armentorum,
855 659 938 726 nulla

33 753 72 827 76
85 764 250 815 castrorum
276 754 459 816 constructio
482 753 682 815 munitoruml
731 755 937 832 Quamobrem

84 849 260 912 immortalis
286 852 378 913 debet
403 869 469 912 esse
495 862 612 930 patrum
636 850 755 912 illorum
782 851 964 928 memoria,5

84 966 162 1024 quos
186 947 277 1010 solius
304 947 468 1025 sapientiae
495 948 665 1009 delectabat
692 949 855 1024 thesaurus,
884 948 937 1026 qui

84 1055 190 1106 contra
198 1047 311 1106 futuras
325 1045 466 1122 caligines
479 1045 643 1106 luminosas
654 1048 790 1107 lucernas
800 1045 937 1107 artificio

84 1140 199 1202 sissimo
229 1141 422 1220 providerunt
457 1153 488 1203 et
515 1152 619 1203 contra
654 1144 764 1204 famem
792 1135 937 1205 audiendi

83 1239 210 1299 verbum
230 1237 290 1300 Dei
309 1257 402 1315 panes
422 1257 486 1298 non
507 1237 728 1300 subcinericeos
748 1258 850 1316 neque
871 1240 938 1300 hor·

85 1335 213 1396 deaoeos
226 1353 285 1395 nec
297 1334 459 1409 muscidos,
474 1336 529 1396 sed
549 1354 643 1413 panes
660 1355 779 1414 azymos
792 1337 832 1398 de
844 1335 937 1414 puris·
951 1359 982 1396 ιο

84 1431 161 1492 sima
173 1431 271 1493 simila
285 1451 385 1493 sacrae
403 1431 526 1510 sophiae
542 1435 696 1494 confectos
715 1432 936 1495 accuratissime

84 1540 270 1606 paraverunt,
286 1529 395 1606 quibus
412 1529 577 1591 esurientes
590 1528 707 1590 animae
720 1529 846 1591 feliciter
858 1529 937 1597 ciba-

30 1643 69 1704 77
84 1636 192 1686 rentur.
236 1625 280 1686 Hi
294 1628 413 1687 fuerunt
431 1626 599 1704 probissimi
619 1625 735 1704 pugiles
748 1625 936 1689 Christianae

84 1720 216 1797 militiae,
230 1721 282 1799 qui
295 1732 428 1782 nostram
445 1722 646 1784 infirmitatem
661 1722 752 1783 armis
769 1721 935 1794 fortissimis

84 1817 264 1879 munierunt.
311 1818 356 1878 Hi
376 1822 496 1880 fuerunt
515 1820 576 1880 suis
597 1819 780 1897 temporibus
800 1818 935 1898 vulpium
949 1842 960 1877 r
965 1839 979 1891 5

83 1926 240 1977 venatores
258 1915 430 1991 cautissimi,
456 1915 508 1993 qui
528 1915 589 1977 iam
610 1917 697 1978 nobis
720 1937 775 1978 sua
797 1916 872 1978 retia
892 1936 936 1978 re-

83 2012 244 2089 liquerunt,
265 2024 299 2073 ut
315 2014 453 2091 parvulas
472 2032 645 2090 caperemus
660 2015 842 2092 vulpeculas,
857 2032 936 2091 quae

83 2128 145 2169 non
160 2118 277 2170 cessant
291 2111 429 2170 florentes
441 2109 543 2171 vineas
556 2103 701 2172 demoliri.
736 2113 822 2185 Vere,
837 2122 936 2188 patres

84 2205 204 2285 egregii,
230 2205 442 2269 benedictione
473 2218 618 2285 perpetua
643 2208 805 2282 recolendi,
833 2208 934 2270 felices

119 2382 150 2419 10
160 2385 236 2434 mque
246 2372 271 2420 A
283 2374 293 2429 ΙΙ
307 2369 338 2420 16
348 2377 500 2420 veruratores
510 2382 525 2434 3
535 2371 574 2434 Ja
590 2369 665 2421 Gold.
680 2369 766 2420 Schm.
779 2369 858 2421 Coch.
870 2373 880 2429 ΙΙ

116 2523 281 2587 virgultorum
289 2523 423 2588 plantatio]
434 2522 481 2587 Cp.
490 2523 583 2574 Alcuin
590 2523 616 2572 in
624 2522 667 2573 the
675 2522 738 2572 lines
745 2521 791 2570 Aa'
794 2536 935 2572 musaeum:

86 2603 105 2628 “
118 2602 215 2653 Fodere
226 2618 302 2666 quam
313 2602 377 2652 vites
391 2601 480 2651 melius
491 2609 529 2652 est
539 2602 648 2652 scribere
657 2600 735 2650 libros
744 2598 772 2650 :'’
790 2599 885 2664 Migne,
900 2601 932 2652 ci.

115 2759 306 2820 subcinericeos]
323 2759 400 2809 From
408 2759 498 2809 Ezech.
508 2759 589 2809 iura:
604 2759 663 2808 “Et
669 2757 740 2823 quasi
746 2756 936 2809 subcinericium

81 2836 249 2887 hordeaceum
260 2836 377 2886 comedes
388 2835 452 2885 illud
460 2832 489 2896 ;”
506 2851 545 2901 cp.
557 2837 660 2900 Judges,
674 2835 716 2885 vii.
733 2846 771 2897 13.

114 2914 256 2974 venatores]
273 2913 351 2963 Coch.
376 2913 459 2962 leaves
479 2913 660 2962 “veneratores
668 2911 682 2936 ''
699 2913 726 2962 in
742 2914 785 2964 the
806 2920 868 2975 text,
885 2914 936 2964 and

81 2989 179 3054 though
194 2989 227 3040 he
238 2989 349 3040 remarks
363 2989 411 3038 “il
423 2989 475 3038 faut
490 2989 669 3039 certainement
679 2990 832 3051 vaniores,”
847 2992 881 3042 he
890 2992 936 3042 has
1025 3015 1036 3038 ο

81 3075 128 3118 not
143 3068 265 3118 observed
281 3068 336 3116 that
352 3069 372 3117 it
387 3066 498 3116 isfound
512 3074 557 3116 not
568 3067 628 3130 only
643 3067 670 3116 in
684 3068 723 3116 all
731 3067 770 3118 his
787 3069 878 3129 MSS,
890 3070 936 3120 but

81 3145 109 3195 in
124 3144 167 3195 the
182 3145 222 3194 ed.
239 3145 362 3208 princeps,
376 3144 458 3194 which
473 3145 505 3194 he
516 3144 637 3208 professes
648 3151 674 3193 to
685 3144 777 3195 follow.

114 3223 269 3289 vulpeculas]
286 3224 362 3282 From
373 3223 448 3274 Cant.
463 3223 488 3273 ii.
506 3232 552 3286 15:
572 3224 590 3251 ‘⁴
599 3223 681 3288 capite
696 3224 768 3274 nobis
778 3224 865 3290 vulpes
880 3240 935 3290 par·

81 3302 154 3352 vulas
165 3317 229 3367 quae
240 3301 409 3351 demoliuntur
419 3301 510 3351 vineas.
515 3297 529 3323 ’'
