2324 3982
359 313 586 368 CAPITULUM
606 312 657 366 IV.
905 318 936 378 37

178 485 261 549 Quem
271 485 368 545 recitas,
382 500 453 536 meus
463 492 509 546 est,
522 486 547 536 0
558 485 710 536 Fidentine!
729 485 847 546 libellus3

213 563 264 613 Sed
275 562 341 613 mele
352 578 430 628 quum
440 563 538 624 recitas,
549 563 637 628 incipit
648 578 702 613 esse
712 570 777 614 tuus.

82 674 166 753 Quid
187 694 258 754 ergo
277 674 444 751 mirumssi
464 676 613 738 defunctis
635 675 745 737 nostris
765 675 936 738 auctoribus

82 791 151 834 suas
164 791 219 851 per
227 792 284 834 nos
293 772 423 834 fimbrias
433 772 536 834 simiae
548 772 723 834 clericorum
734 773 935 851 magnificant,

83 888 154 930 cum
165 868 280 930 eisdem
291 869 499 947 superstitibus
509 889 565 931 nos
576 880 711 930 recenter
720 869 819 930 editos
832 889 937 947 rapere

29 993 70 1053 70
83 965 251 1027 moliantur.
286 968 345 1042 Ah,
358 965 476 1044 quoties
490 986 547 1028 nos
559 967 700 1044 antiquos
717 965 828 1044 fingitis
841 985 937 1044 nuper

83 1072 180 1138 natos,
196 1073 226 1125 et
235 1063 289 1141 qui
297 1074 396 1141 patres
407 1083 509 1124 sumus
523 1064 601 1124 filios
611 1063 766 1125 nominare
774 1063 935 1138 conamini,
951 1083 964 1134 5

84 1159 198 1238 quique
215 1179 269 1221 vos
290 1161 331 1221 ad
350 1179 417 1222 esse
434 1160 569 1222 clericale
588 1160 751 1222 creavimus
770 1161 937 1223 studiorum

84 1267 252 1317 vestrorum
269 1254 395 1318 fabricas
412 1257 588 1335 appellatis!
618 1259 734 1318 Revera
754 1258 799 1319 de¹
809 1257 937 1320 Athenis

30 1380 40 1407 ,1
83 1352 250 1413 exstitimus
273 1351 402 1428 oriundi,
427 1353 480 1431 qni
503 1353 643 1432 fingimur
659 1373 741 1414 nunc
765 1355 805 1414 de
826 1356 936 1428 Roma

83 1467 203 1526 semper
216 1469 348 1527 namque
366 1449 535 1512 Carmentis
555 1452 722 1511 latruncula
741 1450 797 1510 ruit
817 1448 936 1525 Cadmi,

83 1556 115 1609 et
137 1546 190 1624 qui
212 1566 308 1625 nuper
320 1548 517 1609 nascebamur
539 1547 571 1607 in
592 1546 702 1624 Anglia
723 1567 788 1608 cras
807 1546 936 1608 Parisius
952 1567 982 1603 ιο

83 1663 281 1719 renascemur,
309 1656 341 1706 et
369 1645 442 1707 inde
476 1645 568 1707 delati
600 1645 769 1707 Bononiam
801 1645 937 1706 Italicam

83 1742 241 1804 sortiemur
250 1741 404 1821 originem,
415 1745 498 1804 nulla
508 1743 766 1822 consanguinitate
776 1745 934 1804 suffultam.

30 1858 68 1918 71
85 1841 167 1912 Heu,
182 1858 274 1917 quam
292 1838 373 1900 falsis
390 1839 581 1918 scriptoribus
600 1860 657 1901 nos
672 1842 837 1904 exerendos
857 1860 938 1902 com·

85 1935 220 2011 mittitis3
244 1955 335 2015 qnam
355 1948 493 2014 corrupte
515 1956 571 1999 nos
591 1936 689 2015 legitis
705 1949 737 1998 et
756 1937 937 2000 medicando

84 2031 206 2107 necatis,
222 2051 299 2110 quos
312 2052 367 2110 pro
381 2035 446 2095 zelo
460 2033 605 2111 corrigere
619 2034 785 2095 credebatis
797 2038 805 2096 l
844 2037 937 2097 Inter·
953 2047 981 2099 ¹⁵

117 2235 307 2294 8cxtimnsDn
317 2237 474 2286 recontraA
507 2248 538 2299 14
548 2237 688 2288 manando
697 2237 887 2303 &dd-hirs
893 2239 938 2303 pio

87 2315 112 2363 A
125 2316 153 2366 Ε
162 2315 280 2364 debebata's
290 2313 347 2364 edd.
360 2318 369 2371 t

118 2469 201 2532 Quem
218 2465 318 2531 recitas]
343 2469 431 2529 Mart,
444 2468 461 2519 i.
475 2480 524 2532 393
540 2485 580 2534 cp.
598 2469 616 2519 i.
636 2481 676 2532 30.
713 2469 770 2519 The
785 2469 898 2534 epigram
915 2471 938 2522 is

85 2547 180 2613 quoted
198 2547 233 2610 by
253 2545 360 2606 Holkot,
373 2545 455 2611 Super
472 2547 543 2611 Sap..
563 2546 581 2596 1.
600 2547 685 2608 ccxii,
698 2546 724 2595 in
741 2561 756 2595 a
772 2562 876 2612 passage
891 2554 937 2598 not

84 2624 172 2674 unlikc
183 2623 226 2674 the
236 2630 345 2689 present.
705 2666 713 2679 ,

116 2701 258 2752 Carmentis
267 2699 406 2751 latmncul'a
417 2700 463 2750 fuit
474 2699 577 2762 Cadmi]
593 2701 642 2752 See
652 2700 705 2751 viii.
721 2699 767 2751 128
779 2706 839 2751 note.

117 2775 271 2842 Bononiam]
290 2778 405 2842 Boiognu
420 2793 473 2828 was
489 2793 538 2828 one
554 2778 584 2828 oi
596 2777 640 2827 the
656 2783 726 2842 great
742 2777 901 2828 universities
911 2777 942 2828 oi

84 2856 128 2907 the
138 2854 233 2905 middle
244 2869 311 2919 ages.

118 2931 189 2982 salsis
200 2927 371 2994 scriptoribus]
388 2931 438 2981 We
448 2945 507 2995 may
516 2947 600 2995 comp.
615 2930 754 2982 Petrarch’s
764 2931 901 2997 complaint
912 2933 941 2984 oi

86 3009 204 3073 coppini,
218 3007 259 3056 De
271 3007 376 3058 Remed.
392 3008 449 3058 Utr.
463 3007 596 3067 Fortunae,
609 3007 626 3057 i.
640 3019 690 3070 43:
717 3008 735 3034 ‘⁶
746 3008 782 3058 Ut
793 3008 938 3072 adplenum

85 3093 218 3136 auctorum
238 3091 336 3134 constet
360 3085 496 3149 integritas,
520 3085 576 3148 quis
597 3085 745 3149 scriptorum
766 3085 880 3138 inscitiae
901 3088 938 3138 in·

83 3164 214 3228 ertiaeque
225 3161 374 3222 medebitur,
386 3162 554 3226 corrumpenti
571 3162 656 3211 omnia
671 3162 871 3227 miscentiquei.
885 3199 893 3214 .
907 3199 914 3215 .
928 3201 935 3216 .

87 3241 132 3290 An
149 3240 170 3288 si
185 3238 271 3288 redeat
285 3238 375 3289 Cicero
391 3246 434 3289 aut
449 3239 537 3288 Livius
552 3239 675 3304 multique
691 3239 735 3288 alii
748 3247 860 3291 veterum
870 3240 939 3292 iilus-

86 3317 173 3379 nium,
189 3322 250 3366 ante
266 3330 354 3366 omnes
372 3316 469 3367 Plinius
484 3318 615 3379 mundus,
633 3331 679 3369 sus
693 3317 787 3384 scripta
801 3317 939 3386 relegentes
