2324 3982
427 297 653 350 CAPITULUM
668 298 699 348 X
703 297 730 348 V.
957 306 1003 346 rar

150 472 290 547 eunuchi,
306 475 345 533 de
364 492 425 550 quo
446 475 577 534 Actuum
600 475 638 533 8⁰.
654 482 795 544 narratur,
813 490 904 548 quem
921 490 1006 532 amor

149 569 344 648 propheticae
353 569 691 631 lectionissuccenderat
700 580 761 629 tam
770 568 1006 646 mdenter,quod

150 686 209 729 nec
222 667 337 730 ratione
350 667 463 728 itineris
479 687 497 727 a
509 666 639 745 legendo
653 675 789 739 cessaret,
799 665 918 742 reginae
927 667 1005 727 Can-

151 764 236 827 dacis
250 764 360 843 regiam
373 766 550 842 populosam
564 763 708 825 oblivioni
725 762 895 838 tradiderat,
917 782 1006 840 gazas

153 862 263 940 quibus
287 873 420 940 praeerat
440 881 459 922 a
480 881 550 921 cura
572 860 672 922 cordis
694 872 869 934 semoverat,
893 871 924 922 et
943 871 1033 930 tams

152 959 210 1021 iter
223 978 314 1037 quam
328 978 447 1019 currum
460 978 523 1036 quo
536 960 685 1020 ferebatur
698 959 876 1036 neglexerat.
918 958 1007 1018 Solus

151 1075 238 1116 amor
269 1054 336 1116 libri
368 1067 464 1116 totum
497 1055 554 1116 sibi
585 1053 786 1116 vindicaverat
822 1054 1007 1117 domicilium

152 1151 305 1227 castitatis,
321 1172 382 1230 quo
396 1151 575 1230 disponente
593 1171 664 1212 mox
681 1152 751 1212 fidei
764 1150 885 1213 ianuam
898 1149 1007 1212 meruit

152 1250 284 1311 introire.
326 1253 355 1312 Ο
373 1250 519 1328 gratiosus
539 1268 623 1310 amor
641 1250 792 1324 librorum,
813 1248 865 1326 qui
885 1250 1006 1310 Gehen-

154 1367 211 1408 nae
225 1347 319 1407 filium
335 1358 365 1407 et
379 1349 535 1408 alumnum
549 1346 666 1407 Tartari
678 1366 733 1424 per
752 1345 877 1424 gratiam
898 1345 1007 1423 baptis·
1023 1363 1053 1398 10

153 1446 263 1506 malem
277 1443 370 1504 filium
385 1443 456 1506 fecit
469 1443 571 1522 regni!

102 1550 140 1604 ³4
196 1544 302 1604 Cesset
321 1541 381 1602 iam
402 1541 486 1602 stilus
506 1539 656 1619 impotens
676 1539 786 1600 infiniti
806 1538 918 1618 negotii
938 1558 1009 1600 con-

154 1658 303 1700 summare
312 1649 455 1712 tenorem,
468 1658 508 1700 ne
517 1638 654 1700 videatur
661 1637 782 1716 aggredi
793 1648 912 1711 temere,
925 1635 1009 1714 quod

154 1736 186 1797 in
200 1736 346 1815 principio
360 1737 508 1798 fatebatur
521 1734 705 1814 impossibile
719 1733 860 1812 cuiquam
874 1753 948 1796 esse.

189 1921 201 1957 1
220 1909 338 1973 quondam
352 1908 391 1973 ja.
406 1904 417 1971 ΙΙ
435 1922 452 1970 4
468 1924 490 1958 r.
509 1908 637 1972 spectasam
654 1909 678 1957 Α
697 1923 773 1972 regna
784 1907 904 1972 populosa
917 1907 940 1955 L
952 1913 1008 1970 pro·

151 1985 252 2049 plasam
266 1999 276 2035 1
284 1985 410 2050 palatricm
422 1985 479 2035 edd.
489 1986 609 2035 oblzuioni
617 2001 668 2035 om.
679 1986 713 2035 E.
727 1985 897 2050 GazasqusJa.
912 1984 1008 2042 Coebll

156 2072 172 2126 7
182 2063 326 2112 vendicarat
336 2064 360 2111 A
372 2063 399 2112 B
407 2064 434 2113 E
445 2068 454 2122 ΙΙ
469 2076 499 2112 ιο
506 2063 630 2128 gloriam
640 2063 667 2113 E
674 2079 805 2128 generosus
813 2064 854 2128 Ja
869 2060 879 2126 ΙΙ

188 2224 289 2290 reginae
305 2225 439 2288 Candacis]
456 2227 541 2291 Roget
558 2228 651 2286 Bacon,
668 2225 719 2292 Op.
738 2226 811 2291 Maj.,
828 2242 853 2291 p.
876 2223 930 2288 146,
949 2224 1010 2276 cites

156 2302 230 2366 Pliny
241 2310 268 2352 to
283 2303 354 2353 show
364 2304 419 2353 that
433 2304 476 2354 the
489 2319 563 2354 name
574 2305 680 2355 Candax
691 2319 742 2353 was
757 2319 771 2353 a
786 2319 860 2352 name
871 2302 901 2352 of
912 2302 1010 2369 dignity

155 2378 320 2430 likeCaesar.
339 2381 374 2430 H.
390 2381 435 2442 N.,
448 2381 482 2430 vi.
498 2390 536 2444 35.

188 2457 273 2521 gazas]
291 2458 338 2522 Cp.
348 2458 455 2519 Acts,'
432 2459 483 2508 vrii.
498 2469 538 2521 27.

189 2535 344 2585 domicilium
356 2535 487 2600 castitatis]
505 2537 552 2601 Cp.
565 2537 663 2586 Walter
673 2537 744 2601 Map
754 2536 795 2587 De
806 2537 874 2600 Nug
889 2535 960 2597 Cur„
974 2535 1008 2588 iv.

157 2625 182 2677 3,
196 2612 253 2662 who
264 2614 325 2664 calls
338 2614 490 2665 Solomon“
501 2615 637 2680 sapientiae
649 2615 772 2681 singulare
785 2610 958 2664 domicilium)
