2324 3982
234 272 267 327 26
523 274 796 327 ‘PHILOBIBLON

235 442 372 507 Ecclesia
385 442 444 504 Dei
460 441 605 517 dicimini,
619 442 706 521 quasi
724 441 794 503 laici
811 461 874 504 non
892 441 952 503 sint
971 439 1093 505 ecclesi·

233 539 319 602 astici
333 537 535 616 nuncupandi
577 542 651 614 Vos,
666 537 750 599 laicis
763 537 948 616 postpositis,
957 538 1091 616 psalmos

233 647 265 699 et
282 637 411 715 hymnos
432 634 591 697 concinitis
610 635 643 696 in
668 634 808 697 cancellis
831 645 862 698 et
884 637 971 696 altari
989 636 1091 696 deser·

233 732 358 806 vientes,
385 752 456 794 cunr
487 731 592 794 altario
625 731 848 811 participantes,
881 751 985 793 verum
1018 749 1092 792 con·

209 829 321 891 :fieitis
341 849 450 907 corpus
471 827 591 903 Christi,
612 829 645 889 in
668 848 731 907 quo
751 831 838 891 Deus
856 827 922 907 ipse
945 847 1000 889 vos
1023 846 1116 907 non5

234 927 333 988 solum
350 925 444 1001 laicis,
459 924 553 989 immo
573 927 665 1004 paulo
684 924 779 1005 magis
792 925 906 1004 angelis
919 925 1088 990 honoravit

182 1044 222 1102 49
235 1022 294 1086 Cui
307 1022 389 1084 enim
401 1022 567 1100 aliquando
579 1023 754 1100 angelorum
766 1021 859 1084 dixit:
878 1023 928 1083 Tu
942 1040 975 1082 es
990 1040 1088 1083 sacer·

234 1119 292 1180 dos
305 1118 337 1180 in
351 1129 504 1180 aeternum
515 1120 683 1180 seeundum
693 1117 831 1182 ordinem
843 1116 1092 1180 Melchisedech?

234 1218 298 1278 Vos
312 1214 445 1276 crucifixi
458 1214 671 1293 patrimonium
692 1213 872 1293 dispensatis
892 1213 1088 1292 pauperihus,

234 1310 286 1373 ubi
299 1310 360 1372 iam
374 1309 525 1389 quaeritur
538 1309 615 1372 inter
628 1310 849 1389 dispensatores
862 1320 895 1372 ut
908 1308 1006 1372 fidelis
1019 1309 1090 1388 quis
1104 1341 1132 1376 10

234 1407 409 1470 inveniatur.
462 1410 524 1468 Vos
555 1406 626 1468 estis
652 1417 788 1484 pastores
819 1406 915 1487 gregis
943 1405 1089 1468 dominici

233 1514 297 1566 tam
323 1505 461 1582 exemplo
489 1502 567 1565 vitae
595 1522 687 1581 quam
716 1504 808 1565 verbo
843 1501 1008 1581 doctrinae,
1035 1502 1091 1581 qui

233 1600 321 1662 vobis
334 1611 474 1662 tenentur
487 1601 653 1678 rependere
666 1601 713 1661 lac
727 1611 757 1661 et
771 1601 880 1662 lanam.

183 1705 221 1768 50
275 1697 337 1775 Qui
356 1708 426 1758 sunt
444 1695 569 1758 istorum
588 1695 723 1758 omnium
744 1697 907 1775 largitores,
928 1697 957 1759 0
976 1695 1088 1772 clerici,

234 1813 336 1857 nonne
355 1794 447 1856 libri?
488 1793 654 1855 Reminisci
668 1793 770 1870 libeat,
785 1793 998 1872 supplicamus,
1014 1804 1129 1872 qu0t15

235 1910 288 1968 per
311 1910 368 1952 nos
394 1890 509 1952 clericis
536 1891 596 1952 sint
619 1909 765 1951 concessa
792 1890 909 1968 egregia
936 1889 1091 1970 privilegia

233 1985 412 2048 libertatum.
454 1989 512 2047 Per
531 2006 588 2047 nos
609 1985 760 2064 siquidem
781 2007 853 2047 vasa
873 1985 1038 2065 sapientiae
1057 1998 1089 2049 et

220 2125 237 2151 u
269 2120 280 2157 1
295 2108 346 2171 ipsi
353 2109 430 2157 etiam
441 2108 505 2157 data
517 2113 526 2166 ΙΙ
536 2121 554 2158 2
560 2109 709 2172 postponitis
719 2111 743 2158 Α
756 2108 785 2158 D
796 2113 806 2166 ΙΙ
818 2117 832 2172 5
844 2125 888 2158 nos
898 2110 923 2158 A
936 2113 984 2166 {111
998 2109 1093 2160 diversi

234 2183 291 2235 edd.
310 2185 321 2247 ΙΙ
340 2196 370 2234 12
383 2185 451 2234 vt'tae
469 2200 519 2234 om.
540 2185 596 2235 edd.
612 2191 621 2242 ΙΙ
636 2197 665 2248 13
681 2185 751 2236 nobz's
766 2186 791 2234 A
810 2192 910 2234 tenetur
924 2185 953 2235 D
964 2189 973 2244 ΙΙ
988 2186 1018 2235 16
1028 2193 1091 2235 stant

233 2262 258 2310 Α
266 2262 293 2311 Β
299 2262 326 2311 Ε
336 2261 387 2310 sint
398 2261 486 2326 scripsi
496 2277 554 2312 cum
563 2262 603 2326 Ja.
612 2261 708 2326 egregrh
718 2277 769 2312 om.
780 2262 809 2312 D
817 2267 826 2320 l]
840 2273 869 2323 17
880 2261 1033 2313 sacerdotum
1043 2265 1068 2313 A
1079 2269 1089 2321 l]

233 2374 306 2440 thing
323 2375 369 2424 but
391 2391 406 2425 a
426 2374 525 2426 clerical
546 2391 614 2425 error
631 2376 660 2436 is,
678 2376 794 2441 perhaps,
814 2375 948 2436 doubtfu13
970 2376 1017 2426 but
1036 2378 1086 2427 Mr.

233 2452 353 2518 Lumby's
364 2453 459 2515 article,
470 2454 496 2502 in
504 2454 543 2503 his
551 2454 663 2519 glossary
670 2461 699 2504 to
707 2455 819 2518 Higden,
830 2455 852 2504 is
863 2454 984 2519 certainly
992 2471 1086 2521 wrong.

233 2531 281 2595 Cp.
291 2532 381 2580 'Adam
392 2529 532 2579 Mnrimuth
544 2531 573 2580 ot
587 2531 696 2581 Edward
709 2532 762 2582 111.
779 2533 797 2558 “
808 2531 890 2581 dictus
901 2534 1090 2583 antonomatice

233 2605 384 2672 gloriosus,'’
395 2606 492 2672 though
504 2608 567 2672 Hog
578 2608 614 2672 (p.
628 2608 687 2671 225)
698 2608 774 2658 alters
790 2608 834 2657 the
846 2614 899 2658 text
915 2614 942 2657 to
957 2609 975 2639 “
984 2617 1088 2659 autono-

232 2681 351 2733 matiee.''

265 2760 337 2809 altari
352 2759 531 2821 deservientes]
556 2761 633 2809 From
652 2773 662 2810 1
677 2761 736 2810 Cor.
751 2761 784 2811 ix.
802 2773 848 2825 13:
866 2761 910 2826 qui
922 2761 995 2811 altari
1005 2762 1089 2812 deser-

232 2837 303 2886 viunt
314 2852 371 2886 eum
382 2837 455 2886 altari
466 2837 633 2901 participant3
650 2853 690 2901 cp.
705 2838 773 2887 Heh.
785 2838 836 2887 xiii.
852 2849 892 2887 ιο.

264 2929 354 2978 corpus
372 2914 477 2975 Christi]
493 2915 544 2978 Cp.
565 2915 592 2966 S.
608 2915 719 2980 Jerome,
737 2915 783 2965 Ad
797 2915 968 2976 Heliodorum,
986 2915 1036 2981 Ep.
1057 2928 1089 2976 ις

234 2988 244 3017 ’
254 2989 402 3055 Apostoiioo
412 2990 500 3054 gradui
511 2991 678 3052 succedentes,
690 2991 783 3042 Christi
794 3007 884 3057 corpus
894 3007 966 3042 sacro
976 3008 1020 3042 ore
1031 3007 1089 3042 eon·

235 3068 341 3120 ficiunt)

264 3145 341 3209 pnulo
352 3145 431 3209 magis
442 3144 548 3210 angelis]
565 3147 642 3196 From
654 3147 723 3196 Heb.
735 3148 760 3197 ii.
776 3157 800 3211 7,
813 3147 874 3197 with
886 3163 902 3198 a
913 3147 1055 3199 difference.

265 3222 305 3270 Tu
317 3237 344 3271 es
355 3223 480 3283 sacerdos]
497 3224 573 3273 From
586 3224 626 3273 Ps.
641 3223 688 3273 cix.
702 3238 726 3286 4.

253 3298 309 3349 ,ubi
325 3299 375 3347 iam
392 3299 528 3362 quaeritur]
545 3300 593 3363 Cp.
611 3312 621 3349 1
636 3300 694 3350 Cor.
709 3301 741 3350 iv.
755 3313 788 3351 2:
808 3302 828 3328 “
838 3301 889 3352 Hic
902 3301 953 3352 iam
962 3301 1090 3367 quaeritur

231 3375 297 3427 inter
307 3376 490 3440 dispensatores
501 3384 528 3425 ut
539 3375 619 3426 fidelis
631 3377 687 3444 quis
697 3376 861 3428 inveniatur.”
