2324 3982
240 289 274 359 ⁹⁶
537 290 800 343 emaceratos

239 460 295 534 lus,
324 460 365 521 ad
395 458 626 523 monomachiae
654 479 848 538 congressum
875 473 1003 540 paratus,
1025 481 1096 525 eam

239 557 359 618 favente
385 555 513 618 oonsilio
544 556 699 635 Ephesino
725 555 758 618 in
786 557 890 636 spiritu
922 558 1097 622 vehementi

168 655 222 737 165
238 657 359 737 penitus
392 658 585 719 exsufflasset.
641 656 881 720 Innumerabiles
908 658 997 720 nobis
1025 669 1096 721 sunt

238 757 423 818 Graecorum
442 752 609 817 haeresium
627 763 693 821 tam
704 753 822 833 species
835 774 926 833 quam
939 765 1096 832 auctores3

237 871 309 914 nam
322 852 399 914 sicut
411 851 531 913 fuerunt
552 863 760 914 sacrosanctae
778 851 851 914 fidei
871 851 1014 931 primitivi
1029 854 1122 928 cul-5

238 959 328 1022 tores,
352 948 394 1012 ita
416 959 447 1013 et
467 947 556 1026 primi
580 947 762 1010 zizaniorum
783 960 899 1011 satores
925 949 1096 1028 produntur

237 1052 368 1114 historiis
386 1055 447 1114 fide
471 1053 577 1131 dignis.
599 1052 712 1130 Sicque
732 1052 881 1132 posterius
903 1056 1095 1132 proiecerunt

237 1149 269 1211 iu
296 1149 383 1228 peius
410 1149 504 1226 quod,
526 1150 600 1210 dum
623 1148 749 1210 Domini
776 1149 989 1212 inconsutilem
1016 1151 1095 1215 tuni·

236 1264 304 1308 cam
316 1245 454 1308 scindere
465 1245 649 1319 molirentur,
664 1244 829 1306 claritatem
843 1246 999 1308 doctr'mae
1012 1266 1096 1325 pmc-

192 1391 194 1395 -
236 1344 371 1407 habitam
397 1343 591 1422 perdiderunt
621 1342 753 1405 totaliter
782 1363 820 1406 ac
845 1343 933 1406 novis
960 1345 1093 1408 tenebris
1108 1370 1138 1406 ιο

236 1440 388 1505 excaecat
422 1440 567 1502 decith
600 1437 638 1500 in·
666 1441 824 1518 abyssum,
851 1440 913 1502 nisi
950 1441 1003 1504 ille
1038 1462 1094 1504 sua

236 1541 356 1600 occulta
377 1538 531 1616 dispenset
557 1535 701 1616 potentia,
725 1535 809 1598 cuius
835 1537 1013 1617 sapientiam
1036 1559 1093 1601 nu·

236 1655 336 1697 merus
351 1654 413 1697 non
426 1634 556 1696 metitur.
609 1651 610 1654 ’
913 1681 926 1695 ..

166 1741 223 1799 166
277 1736 366 1794 Haec
378 1734 542 1807 hactenus;
568 1751 642 1792 nam
652 1729 702 1792 hic
721 1730 809 1794 nobis
823 1732 1000 1795 subducitur
1013 1732 1092 1796 iudi·

235 1830 469 1892 candilacultas.
503 1831 719 1892 Unumtamen
727 1827 1092 1908 elicimusexpmedictis,
1108 1851 1135 1902 ις

234 1928 318 2004 quod
335 1928 483 1988 damnosa
500 1925 589 1987 nimis
611 1937 657 1988 est
676 1925 769 1988 hodie
792 1927 893 1990 studio
915 1927 1092 1990 Latinorum

235 2024 343 2088 Graeci
357 2023 504 2085 sermonis
521 2023 647 2098 inscitia,
664 2023 727 2086 sine
741 2043 802 2101 quo
817 2025 996 2103 scriptorum
1010 2037 1092 2088 vete·

234 2141 301 2182 rum
322 2123 464 2200 dogmata
486 2121 550 2182 sive
577 2120 815 2183 Christianorum
842 2121 905 2184 sive
931 2122 1090 2200 gentilium

235 2227 390 2297 nequeunt
407 2218 633 2297 comprehendi.
676 2220 824 2296 Idemque
844 2219 884 2281 de
904 2219 1037 2282 Arabico
1053 2211 1090 2281 ‘in

234 2317 383 2397 plerisque
397 2317 571 2378 tractatibus
588 2317 806 2392 astronomicis,
821 2318 911 2379 aede
933 2318 1090 2380 Hebraico
1104 2335 1134 2370 20

233 2434 289 2494 pro
298 2425 381 2477 textu
391 2434 491 2476 sacrae
500 2412 618 2489 bibliae,
631 2412 827 2476 verisimiliter
837 2425 883 2476 est
893 2416 1090 2492 censendum,

267 2605 282 2660 ς
292 2596 403 2660 fuerunt
428 2612 479 2645 om.
494 2595 523 2644 D
537 2596 577 2660 Ja.
604 2600 614 2653 ll
632 2595 648 2645 6
662 2601 743 2660 proed
761 2595 858 2660 dict'trar
876 2602 901 2645 et
912 2595 1091 2661 producuntur

232 2674 290 2724 edd.
305 2679 315 2732 11
327 2673 413 2724 8dum
421 2675 527 2723 latentur
538 2673 676 2722 claritatem
691 2674 715 2722 A
729 2673 903 2723 inconstabilem
914 2673 940 2723 B
951 2678 960 2731 ΙΙ
972 2687 989 2737 9
994 2673 1089 2737 proha·

232 2752 309 2800 bitom
323 2752 491 2815 prodiderunt
507 2750 584 2814 DJa.
599 2755 648 2809 1111
661 2751 799 2800 cecidemnt
808 2751 854 2809 Eli
872 2761 901 2814 17
913 2751 1045 2800 maerentia
1060 2753 1090 2801 D

230 2828 271 2892 Ja.
282 2832 291 2886 ΙΙ
305 2841 334 2890 19
346 2828 498 2893 apprehendi
505 2827 545 2891 Ja.
560 2831 570 2886 ΙΙ

230 2997 327 3040 contest
338 2990 399 3041 with
410 2991 548 3051 Nestorius,
560 2990 646 3040 whose
655 2989 798 3056 deposition
808 2991 841 3042 he
851 2990 937 3057 finally
945 2992 1051 3044 effectcd
1062 3000 1089 3044 at

230 3066 273 3118 the
285 3069 390 3118 Council
401 3068 430 3118 of
439 3068 553 3133 Ephesus
564 3068 591 3117 iu
601 3079 659 3130 431.

261 3147 437 3196 inconsutilem
449 3146 570 3208 tunicam]
587 3147 665 3195 From
674 3146 715 3210 Jo.
730 3145 780 3197 xix.
795 3159 834 3210 23.

261 3224 409 3287 sapientiam
425 3224 552 3286 numerus]
577 3224 625 3289 Cp.
640 3225 682 3274 Ps.
697 3223 771 3275 cxlvi.
791 3234 824 3288 5²
844 3223 1018 3289 “Sapientiae
1034 3224 1088 3276 eius

228 3314 280 3351 nou
291 3308 328 3350 est
339 3299 482 3351 numerus.”
