<?xml version="1.0" encoding="UTF-8"?>
<!DOCTYPE html PUBLIC "-//W3C//DTD XHTML 1.0 Transitional//EN"
    "http://www.w3.org/TR/xhtml1/DTD/xhtml1-transitional.dtd">
<html xmlns="http://www.w3.org/1999/xhtml" xml:lang="en" lang="en">
 <head>
  <title>
</title>
<meta http-equiv="Content-Type" content="text/html;charset=utf-8" />
  <meta name='ocr-system' content='tesseract 3.04.00' />
  <meta name='ocr-capabilities' content='ocr_page ocr_carea ocr_par ocr_line ocrx_word'/>
</head>
<body>
  <div class='ocr_page' id='page_1' title='image "./philobiblonrich00thomgoog_0128.png"; bbox 0 0 2324 3982; ppageno 0'>
   <div class='ocr_carea' id='block_1_1' title="bbox 368 285 939 350">
    <p class='ocr_par' dir='ltr' id='par_1_1' title="bbox 368 285 939 350">
     <span class='ocr_line' id='line_1_1' title="bbox 368 285 939 350; baseline -0.002 -12"><span class='ocrx_word' id='word_1_1' title='bbox 368 285 661 338; x_wconf 70' lang='lat' dir='ltr'>crprrrrwrrrr.</span> <span class='ocrx_word' id='word_1_2' title='bbox 907 296 939 350; x_wconf 77' lang='lat'>33</span> 
     </span>
    </p>
   </div>
   <div class='ocr_carea' id='block_1_2' title="bbox 28 449 983 1506">
    <p class='ocr_par' dir='ltr' id='par_1_2' title="bbox 30 449 967 1216">
     <span class='ocr_line' id='line_1_2' title="bbox 30 449 940 537; baseline -0.002 -20"><span class='ocrx_word' id='word_1_3' title='bbox 30 449 70 506; x_wconf 81' lang='lat'>62</span> <span class='ocrx_word' id='word_1_4' title='bbox 126 457 318 536; x_wconf 86' lang='lat' dir='ltr'><strong>Quapropter</strong></span> <span class='ocrx_word' id='word_1_5' title='bbox 336 457 550 537; x_wconf 86' lang='lat' dir='ltr'>conquerimur</span> <span class='ocrx_word' id='word_1_6' title='bbox 567 459 607 520; x_wconf 89' lang='lat' dir='ltr'>de</span> <span class='ocrx_word' id='word_1_7' title='bbox 625 456 763 535; x_wconf 89' lang='lat' dir='ltr'>hospitiis</span> <span class='ocrx_word' id='word_1_8' title='bbox 785 455 874 516; x_wconf 90' lang='lat' dir='ltr'>nobis</span> <span class='ocrx_word' id='word_1_9' title='bbox 896 455 940 516; x_wconf 91' lang='lat' dir='ltr'>in-</span> 
     </span>
     <span class='ocr_line' id='line_1_3' title="bbox 84 552 940 632; baseline 0 -18"><span class='ocrx_word' id='word_1_10' title='bbox 84 553 163 615; x_wconf 89' lang='lat' dir='ltr'>iuste</span> <span class='ocrx_word' id='word_1_11' title='bbox 181 555 297 629; x_wconf 86' lang='lat' dir='ltr'>ablatis,</span> <span class='ocrx_word' id='word_1_12' title='bbox 317 557 357 618; x_wconf 91' lang='lat' dir='ltr'>de</span> <span class='ocrx_word' id='word_1_13' title='bbox 377 556 519 630; x_wconf 89' lang='lat' dir='ltr'>vestibus,</span> <span class='ocrx_word' id='word_1_14' title='bbox 543 575 607 616; x_wconf 88' lang='lat' dir='ltr'>non</span> <span class='ocrx_word' id='word_1_15' title='bbox 628 554 753 632; x_wconf 90' lang='lat' dir='ltr'>quidem</span> <span class='ocrx_word' id='word_1_16' title='bbox 774 573 836 615; x_wconf 90' lang='lat' dir='ltr'>non</span> <span class='ocrx_word' id='word_1_17' title='bbox 860 552 940 614; x_wconf 87' lang='lat' dir='ltr'>datis</span> 
     </span>
     <span class='ocr_line' id='line_1_4' title="bbox 85 649 939 731; baseline -0.005 -19"><span class='ocrx_word' id='word_1_18' title='bbox 85 651 141 712; x_wconf 88' lang='lat' dir='ltr'>sed</span> <span class='ocrx_word' id='word_1_19' title='bbox 154 652 194 712; x_wconf 90' lang='lat' dir='ltr'>de</span> <span class='ocrx_word' id='word_1_20' title='bbox 206 651 285 714; x_wconf 79' lang='lat' dir='ltr'>datis</span> <span class='ocrx_word' id='word_1_21' title='bbox 297 651 472 731; x_wconf 79' lang='lat' dir='ltr'>antiquitus,</span> <span class='ocrx_word' id='word_1_22' title='bbox 486 652 624 714; x_wconf 88' lang='lat' dir='ltr'>violentis</span> <span class='ocrx_word' id='word_1_23' title='bbox 642 652 782 713; x_wconf 87' lang='lat' dir='ltr'>manibus</span> <span class='ocrx_word' id='word_1_24' title='bbox 794 649 939 712; x_wconf 83' lang='lat' dir='ltr'>laceratis.</span> 
     </span>
     <span class='ocr_line' id='line_1_5' title="bbox 84 747 940 828; baseline -0.002 -19"><span class='ocrx_word' id='word_1_25' title='bbox 84 747 233 810; x_wconf 79' lang='lat' dir='ltr'>Adhaesit</span> <span class='ocrx_word' id='word_1_26' title='bbox 252 750 426 828; x_wconf 88' lang='lat' dir='ltr'>pavimento</span> <span class='ocrx_word' id='word_1_27' title='bbox 450 749 550 811; x_wconf 86' lang='lat' dir='ltr'>anima</span> <span class='ocrx_word' id='word_1_28' title='bbox 576 759 687 824; x_wconf 86' lang='lat' dir='ltr'>nostra,</span> <span class='ocrx_word' id='word_1_29' title='bbox 716 747 940 826; x_wconf 79' lang='lat' dir='ltr'>conglutinatus</span> 
     </span>
     <span class='ocr_line' id='line_1_6' title="bbox 84 842 967 925; baseline -0.003 -18"><span class='ocrx_word' id='word_1_30' title='bbox 84 854 133 907; x_wconf 77' lang='lat' dir='ltr'>ert</span> <span class='ocrx_word' id='word_1_31' title='bbox 155 846 190 907; x_wconf 82' lang='lat' dir='ltr'>in</span> <span class='ocrx_word' id='word_1_32' title='bbox 216 857 294 908; x_wconf 85' lang='lat' dir='ltr'>terra</span> <span class='ocrx_word' id='word_1_33' title='bbox 316 858 420 909; x_wconf 88' lang='lat' dir='ltr'>venter</span> <span class='ocrx_word' id='word_1_34' title='bbox 449 856 559 922; x_wconf 89' lang='lat' dir='ltr'>noster,</span> <span class='ocrx_word' id='word_1_35' title='bbox 585 857 616 909; x_wconf 91' lang='lat' dir='ltr'>et</span> <span class='ocrx_word' id='word_1_36' title='bbox 647 845 742 925; x_wconf 84' lang='lat' dir='ltr'>gloria</span> <span class='ocrx_word' id='word_1_37' title='bbox 772 847 875 905; x_wconf 86' lang='lat' dir='ltr'>nostra</span> <span class='ocrx_word' id='word_1_38' title='bbox 906 842 967 921; x_wconf 79' lang='lat' dir='ltr'>in5</span> 
     </span>
     <span class='ocr_line' id='line_1_7' title="bbox 84 942 937 1020; baseline -0.002 -17"><span class='ocrx_word' id='word_1_39' title='bbox 84 944 240 1020; x_wconf 86' lang='lat' dir='ltr'>pulverem</span> <span class='ocrx_word' id='word_1_40' title='bbox 263 954 310 1006; x_wconf 87' lang='lat' dir='ltr'>est</span> <span class='ocrx_word' id='word_1_41' title='bbox 329 945 467 1007; x_wconf 83' lang='lat' dir='ltr'>deducta</span> <span class='ocrx_word' id='word_1_42' title='bbox 512 943 629 1006; x_wconf 90' lang='lat' dir='ltr'>Morbis</span> <span class='ocrx_word' id='word_1_43' title='bbox 650 942 738 1004; x_wconf 84' lang='lat' dir='ltr'>variis</span> <span class='ocrx_word' id='word_1_44' title='bbox 758 944 937 1015; x_wconf 83' lang='lat' dir='ltr'>laboramus,</span> 
     </span>
     <span class='ocr_line' id='line_1_8' title="bbox 85 1037 938 1116; baseline -0.004 -15"><span class='ocrx_word' id='word_1_45' title='bbox 85 1041 176 1101; x_wconf 83' lang='lat' dir='ltr'>dorsa</span> <span class='ocrx_word' id='word_1_46' title='bbox 199 1042 336 1103; x_wconf 81' lang='lat' dir='ltr'>dolentes</span> <span class='ocrx_word' id='word_1_47' title='bbox 357 1053 388 1104; x_wconf 91' lang='lat' dir='ltr'>et</span> <span class='ocrx_word' id='word_1_48' title='bbox 414 1043 514 1116; x_wconf 80' lang='lat' dir='ltr'>latera,</span> <span class='ocrx_word' id='word_1_49' title='bbox 539 1051 571 1102; x_wconf 90' lang='lat' dir='ltr'>et</span> <span class='ocrx_word' id='word_1_50' title='bbox 593 1040 726 1101; x_wconf 82' lang='lat' dir='ltr'>iacemus</span> <span class='ocrx_word' id='word_1_51' title='bbox 749 1037 938 1101; x_wconf 85' lang='lat' dir='ltr'><strong>membratim</strong></span> 
     </span>
     <span class='ocr_line' id='line_1_9' title="bbox 85 1136 939 1216; baseline -0.004 -19"><span class='ocrx_word' id='word_1_52' title='bbox 85 1136 214 1216; x_wconf 75' lang='lat' dir='ltr'>paralysi</span> <span class='ocrx_word' id='word_1_53' title='bbox 241 1138 390 1214; x_wconf 82' lang='lat' dir='ltr'>dissoluti,</span> <span class='ocrx_word' id='word_1_54' title='bbox 414 1157 470 1199; x_wconf 89' lang='lat' dir='ltr'>nec</span> <span class='ocrx_word' id='word_1_55' title='bbox 495 1138 612 1215; x_wconf 91' lang='lat' dir='ltr'>estqui</span> <span class='ocrx_word' id='word_1_56' title='bbox 636 1136 789 1214; x_wconf 85' lang='lat' dir='ltr'>recogitet,</span> <span class='ocrx_word' id='word_1_57' title='bbox 813 1154 872 1196; x_wconf 89' lang='lat' dir='ltr'>nec</span> <span class='ocrx_word' id='word_1_58' title='bbox 893 1145 939 1194; x_wconf 88' lang='lat' dir='ltr'>est</span> 
     </span>
    </p>

    <p class='ocr_par' dir='ltr' id='par_1_3' title="bbox 28 1230 983 1506">
     <span class='ocr_line' id='line_1_10' title="bbox 28 1230 938 1322; baseline -0.011 -20"><span class='ocrx_word' id='word_1_59' title='bbox 28 1234 166 1322; x_wconf 80' lang='lat' dir='ltr'>63u11us</span> <span class='ocrx_word' id='word_1_60' title='bbox 196 1233 249 1312; x_wconf 90' lang='lat' dir='ltr'>qui</span> <span class='ocrx_word' id='word_1_61' title='bbox 283 1237 431 1313; x_wconf 74' lang='lat' dir='ltr'>malagma</span> <span class='ocrx_word' id='word_1_62' title='bbox 465 1245 612 1313; x_wconf 83' lang='lat' dir='ltr'>procuret</span> <span class='ocrx_word' id='word_1_63' title='bbox 669 1235 793 1296; x_wconf 90' lang='lat' dir='ltr'>Candor</span> <span class='ocrx_word' id='word_1_64' title='bbox 820 1230 938 1292; x_wconf 85' lang='lat' dir='ltr'>nativus</span> 
     </span>
     <span class='ocr_line' id='line_1_11' title="bbox 85 1324 983 1410; baseline 0.002 -21"><span class='ocrx_word' id='word_1_65' title='bbox 85 1339 117 1390; x_wconf 92' lang='lat' dir='ltr'>et</span> <span class='ocrx_word' id='word_1_66' title='bbox 139 1331 207 1392; x_wconf 86' lang='lat' dir='ltr'>luce</span> <span class='ocrx_word' id='word_1_67' title='bbox 224 1331 399 1410; x_wconf 85' lang='lat' dir='ltr'>perspicuus</span> <span class='ocrx_word' id='word_1_68' title='bbox 415 1332 476 1392; x_wconf 88' lang='lat' dir='ltr'>iam</span> <span class='ocrx_word' id='word_1_69' title='bbox 492 1330 524 1391; x_wconf 91' lang='lat' dir='ltr'>in</span> <span class='ocrx_word' id='word_1_70' title='bbox 544 1334 660 1393; x_wconf 87' lang='lat' dir='ltr'>fuscum</span> <span class='ocrx_word' id='word_1_71' title='bbox 681 1341 711 1391; x_wconf 91' lang='lat' dir='ltr'>et</span> <span class='ocrx_word' id='word_1_72' title='bbox 732 1324 877 1390; x_wconf 85' lang='lat' dir='ltr'>croceum&#39;</span> <span class='ocrx_word' id='word_1_73' title='bbox 893 1337 939 1388; x_wconf 90' lang='lat' dir='ltr'>est</span> <span class='ocrx_word' id='word_1_74' title='bbox 954 1355 983 1391; x_wconf 86' lang='grc' dir='ltr'>ιο</span> 
     </span>
     <span class='ocr_line' id='line_1_12' title="bbox 84 1423 939 1506; baseline -0.002 -19"><span class='ocrx_word' id='word_1_75' title='bbox 84 1445 258 1506; x_wconf 90' lang='lat' dir='ltr'>conversus,</span> <span class='ocrx_word' id='word_1_76' title='bbox 293 1439 327 1489; x_wconf 91' lang='lat' dir='ltr'>ut</span> <span class='ocrx_word' id='word_1_77' title='bbox 362 1448 454 1490; x_wconf 90' lang='lat' dir='ltr'>nemo</span> <span class='ocrx_word' id='word_1_78' title='bbox 488 1428 631 1490; x_wconf 87' lang='lat' dir='ltr'>medicus</span> <span class='ocrx_word' id='word_1_79' title='bbox 660 1427 778 1488; x_wconf 92' lang='lat' dir='ltr'>dubitet</span> <span class='ocrx_word' id='word_1_80' title='bbox 806 1423 939 1486; x_wconf 81' lang='lat' dir='ltr'>ictericis</span> 
     </span>
    </p>
   </div>
   <div class='ocr_carea' id='block_1_3' title="bbox 85 1556 941 1775">
    <p class='ocr_par' dir='ltr' id='par_1_4' title="bbox 85 1556 941 1775">
     <span class='ocr_line' id='line_1_13' title="bbox 118 1556 938 1628; baseline -0.004 -20"><span class='ocrx_word' id='word_1_81' title='bbox 118 1569 134 1623; x_wconf 89' lang='lat'>3</span> <span class='ocrx_word' id='word_1_82' title='bbox 145 1558 260 1608; x_wconf 78' lang='lat' dir='ltr'>laceratis</span> <span class='ocrx_word' id='word_1_83' title='bbox 270 1559 409 1610; x_wconf 81' lang='lat' dir='ltr'>intantum</span> <span class='ocrx_word' id='word_1_84' title='bbox 420 1563 487 1628; x_wconf 81' lang='lat' dir='ltr'>quod</span> <span class='ocrx_word' id='word_1_85' title='bbox 495 1562 551 1612; x_wconf 85' lang='lat' dir='ltr'>edd</span> <span class='ocrx_word' id='word_1_86' title='bbox 567 1566 577 1620; x_wconf 79' lang='grc'>11</span> <span class='ocrx_word' id='word_1_87' title='bbox 588 1560 711 1611; x_wconf 74' lang='lat' dir='ltr'>tredacta</span> <span class='ocrx_word' id='word_1_88' title='bbox 722 1566 758 1609; x_wconf 83' lang='lat' dir='ltr'>est</span> <span class='ocrx_word' id='word_1_89' title='bbox 768 1558 825 1608; x_wconf 90' lang='lat' dir='ltr'>edd.</span> <span class='ocrx_word' id='word_1_90' title='bbox 840 1561 850 1615; x_wconf 87' lang='grc' dir='ltr'>ΙΙ</span> <span class='ocrx_word' id='word_1_91' title='bbox 861 1566 890 1621; x_wconf 81' lang='lat'>15</span> <span class='ocrx_word' id='word_1_92' title='bbox 902 1556 938 1606; x_wconf 77' lang='lat' dir='ltr'>bc·</span> 
     </span>
     <span class='ocr_line' id='line_1_14' title="bbox 85 1635 941 1775; baseline -0.014 -80"><span class='ocrx_word' id='word_1_93' title='bbox 85 1636 299 1775; x_wconf 53' lang='grc' dir='ltr'>ἕῗέῃωαίαμα</span> <span class='ocrx_word' id='word_1_94' title='bbox 309 1639 367 1690; x_wconf 86' lang='lat' dir='ltr'>edd.</span> <span class='ocrx_word' id='word_1_95' title='bbox 379 1643 390 1698; x_wconf 88' lang='grc' dir='ltr'>ΙΙ</span> <span class='ocrx_word' id='word_1_96' title='bbox 399 1652 452 1689; x_wconf 82' lang='lat' dir='ltr'>roa</span> <span class='ocrx_word' id='word_1_97' title='bbox 462 1641 546 1690; x_wconf 79' lang='lat' dir='ltr'>luceA</span> <span class='ocrx_word' id='word_1_98' title='bbox 556 1645 566 1699; x_wconf 83' lang='grc' dir='ltr'>ΙΙ</span> <span class='ocrx_word' id='word_1_99' title='bbox 576 1652 603 1689; x_wconf 91' lang='lat'>11</span> <span class='ocrx_word' id='word_1_100' title='bbox 615 1639 723 1689; x_wconf 78' lang='lat' dir='ltr'>medicus</span> <span class='ocrx_word' id='word_1_101' title='bbox 731 1639 776 1702; x_wconf 79' lang='lat' dir='ltr'>qui</span> <span class='ocrx_word' id='word_1_102' title='bbox 782 1635 941 1700; x_wconf 78' lang='lat' dir='ltr'>nosrepm&#39;at</span> 
     </span>
    </p>
   </div>
   <div class='ocr_carea' id='block_1_4' title="bbox 83 1826 1043 3438">
    <p class='ocr_par' dir='ltr' id='par_1_5' title="bbox 85 1826 940 2825">
     <span class='ocr_line' id='line_1_15' title="bbox 85 1826 937 1897; baseline 0.002 -21"><span class='ocrx_word' id='word_1_103' title='bbox 85 1842 150 1891; x_wconf 80' lang='lat' dir='ltr'>says,</span> <span class='ocrx_word' id='word_1_104' title='bbox 161 1826 206 1880; x_wconf 87' lang='lat' dir='ltr'>but</span> <span class='ocrx_word' id='word_1_105' title='bbox 215 1835 244 1880; x_wconf 88' lang='lat' dir='ltr'>to</span> <span class='ocrx_word' id='word_1_106' title='bbox 255 1829 299 1880; x_wconf 87' lang='lat' dir='ltr'>the</span> <span class='ocrx_word' id='word_1_107' title='bbox 316 1830 473 1882; x_wconf 68' lang='lat' dir='ltr'>Valet-isarad</span> <span class='ocrx_word' id='word_1_108' title='bbox 482 1831 609 1897; x_wconf 79' lang='lat' dir='ltr'>Rufinum</span> <span class='ocrx_word' id='word_1_109' title='bbox 622 1831 652 1880; x_wconf 79' lang='lat' dir='ltr'>de</span> <span class='ocrx_word' id='word_1_110' title='bbox 668 1846 745 1880; x_wconf 81' lang='lat' dir='ltr'>uxore</span> <span class='ocrx_word' id='word_1_111' title='bbox 755 1845 805 1879; x_wconf 78' lang='lat' dir='ltr'>non</span> <span class='ocrx_word' id='word_1_112' title='bbox 817 1829 937 1888; x_wconf 81' lang='lat' dir='ltr'>ducenda,</span> 
     </span>
     <span class='ocr_line' id='line_1_16' title="bbox 85 1905 939 1976; baseline 0.002 -21"><span class='ocrx_word' id='word_1_113' title='bbox 85 1905 170 1956; x_wconf 82' lang='lat' dir='ltr'>which</span> <span class='ocrx_word' id='word_1_114' title='bbox 180 1923 291 1959; x_wconf 82' lang='lat' dir='ltr'>wasone</span> <span class='ocrx_word' id='word_1_115' title='bbox 305 1909 335 1959; x_wconf 84' lang='lat' dir='ltr'>os</span> <span class='ocrx_word' id='word_1_116' title='bbox 348 1909 391 1961; x_wconf 88' lang='lat' dir='ltr'>the</span> <span class='ocrx_word' id='word_1_117' title='bbox 406 1918 472 1961; x_wconf 85' lang='lat' dir='ltr'>most</span> <span class='ocrx_word' id='word_1_118' title='bbox 488 1910 595 1976; x_wconf 77' lang='lat' dir='ltr'>popular</span> <span class='ocrx_word' id='word_1_119' title='bbox 609 1909 639 1959; x_wconf 86' lang='lat' dir='ltr'>oi</span> <span class='ocrx_word' id='word_1_120' title='bbox 652 1909 775 1960; x_wconf 87' lang='lat' dir='ltr'>medieval</span> <span class='ocrx_word' id='word_1_121' title='bbox 786 1908 875 1970; x_wconf 89' lang='lat' dir='ltr'>books,</span> <span class='ocrx_word' id='word_1_122' title='bbox 889 1907 939 1958; x_wconf 89' lang='lat' dir='ltr'>aud</span> 
     </span>
     <span class='ocr_line' id='line_1_17' title="bbox 85 1983 939 2053; baseline 0 -19"><span class='ocrx_word' id='word_1_123' title='bbox 85 1999 167 2034; x_wconf 87' lang='lat' dir='ltr'>seems</span> <span class='ocrx_word' id='word_1_124' title='bbox 174 2000 238 2034; x_wconf 86' lang='lat' dir='ltr'>even</span> <span class='ocrx_word' id='word_1_125' title='bbox 246 1992 273 2035; x_wconf 93' lang='lat' dir='ltr'>to</span> <span class='ocrx_word' id='word_1_126' title='bbox 282 1985 347 2036; x_wconf 77' lang='lat' dir='ltr'>have</span> <span class='ocrx_word' id='word_1_127' title='bbox 356 1986 420 2037; x_wconf 89' lang='lat' dir='ltr'>been</span> <span class='ocrx_word' id='word_1_128' title='bbox 427 1987 526 2053; x_wconf 85' lang='lat' dir='ltr'>printed</span> <span class='ocrx_word' id='word_1_129' title='bbox 536 2003 564 2038; x_wconf 78' lang='lat' dir='ltr'>us</span> <span class='ocrx_word' id='word_1_130' title='bbox 574 1987 600 2038; x_wconf 91' lang='lat' dir='ltr'>S.</span> <span class='ocrx_word' id='word_1_131' title='bbox 608 1985 737 2053; x_wconf 88' lang='lat' dir='ltr'>Jerome’s.</span> <span class='ocrx_word' id='word_1_132' title='bbox 764 1987 789 2035; x_wconf 93' lang='lat' dir='ltr'>lt</span> <span class='ocrx_word' id='word_1_133' title='bbox 801 1987 822 2036; x_wconf 90' lang='lat' dir='ltr'>is</span> <span class='ocrx_word' id='word_1_134' title='bbox 833 1983 939 2034; x_wconf 76' lang='lat' dir='ltr'>claimed</span> 
     </span>
     <span class='ocr_line' id='line_1_18' title="bbox 86 2061 940 2130; baseline 0.004 -20"><span class='ocrx_word' id='word_1_135' title='bbox 86 2061 122 2125; x_wconf 87' lang='lat' dir='ltr'>by</span> <span class='ocrx_word' id='word_1_136' title='bbox 128 2061 224 2112; x_wconf 84' lang='lat' dir='ltr'>Walter</span> <span class='ocrx_word' id='word_1_137' title='bbox 235 2063 297 2128; x_wconf 83' lang='lat' dir='ltr'>Msp</span> <span class='ocrx_word' id='word_1_138' title='bbox 308 2079 337 2114; x_wconf 83' lang='lat' dir='ltr'>as</span> <span class='ocrx_word' id='word_1_139' title='bbox 347 2063 386 2114; x_wconf 87' lang='lat' dir='ltr'>his</span> <span class='ocrx_word' id='word_1_140' title='bbox 396 2079 462 2124; x_wconf 87' lang='lat' dir='ltr'>own,</span> <span class='ocrx_word' id='word_1_141' title='bbox 474 2065 524 2114; x_wconf 88' lang='lat' dir='ltr'>aud</span> <span class='ocrx_word' id='word_1_142' title='bbox 536 2065 709 2130; x_wconf 80' lang='lat' dir='ltr'>incorporated</span> <span class='ocrx_word' id='word_1_143' title='bbox 720 2065 746 2113; x_wconf 91' lang='lat' dir='ltr'>in</span> <span class='ocrx_word' id='word_1_144' title='bbox 757 2064 800 2114; x_wconf 90' lang='lat' dir='ltr'>the</span> <span class='ocrx_word' id='word_1_145' title='bbox 808 2062 940 2128; x_wconf 69' lang='lat' dir='ltr'>DeNugr&#39;s</span> 
     </span>
     <span class='ocr_line' id='line_1_19' title="bbox 89 2138 940 2206; baseline 0.001 -19"><span class='ocrx_word' id='word_1_146' title='bbox 89 2138 243 2200; x_wconf 67' lang='lat' dir='ltr'>Camurium,</span> <span class='ocrx_word' id='word_1_147' title='bbox 257 2140 290 2191; x_wconf 87' lang='lat' dir='ltr'>iv.</span> <span class='ocrx_word' id='word_1_148' title='bbox 310 2153 334 2204; x_wconf 87' lang='lat'>3,</span> <span class='ocrx_word' id='word_1_149' title='bbox 354 2141 438 2192; x_wconf 85' lang='lat' dir='ltr'>where</span> <span class='ocrx_word' id='word_1_150' title='bbox 453 2141 486 2192; x_wconf 93' lang='lat' dir='ltr'>he</span> <span class='ocrx_word' id='word_1_151' title='bbox 502 2140 615 2206; x_wconf 84' lang='lat' dir='ltr'>explains</span> <span class='ocrx_word' id='word_1_152' title='bbox 631 2141 686 2192; x_wconf 85' lang='lat' dir='ltr'>that</span> <span class='ocrx_word' id='word_1_153' title='bbox 701 2141 735 2191; x_wconf 92' lang='lat' dir='ltr'>he</span> <span class='ocrx_word' id='word_1_154' title='bbox 751 2147 828 2191; x_wconf 87' lang='lat' dir='ltr'>wrote</span> <span class='ocrx_word' id='word_1_155' title='bbox 844 2140 864 2189; x_wconf 91' lang='lat' dir='ltr'>it</span> <span class='ocrx_word' id='word_1_156' title='bbox 880 2146 908 2189; x_wconf 91' lang='lat' dir='ltr'>to</span> <span class='ocrx_word' id='word_1_157' title='bbox 923 2155 940 2189; x_wconf 80' lang='lat' dir='ltr'>a</span> 
     </span>
     <span class='ocr_line' id='line_1_20' title="bbox 86 2217 937 2284; baseline -0.001 -17"><span class='ocrx_word' id='word_1_158' title='bbox 86 2217 210 2267; x_wconf 77' lang='lat' dir='ltr'>love-sich</span> <span class='ocrx_word' id='word_1_159' title='bbox 220 2217 318 2269; x_wconf 75' lang='lat' dir='ltr'>triendr</span> <span class='ocrx_word' id='word_1_160' title='bbox 338 2219 356 2246; x_wconf 86' lang='lat'>“</span> <span class='ocrx_word' id='word_1_161' title='bbox 367 2235 417 2280; x_wconf 92' lang='lat' dir='ltr'>me,</span> <span class='ocrx_word' id='word_1_162' title='bbox 430 2219 474 2284; x_wconf 90' lang='lat' dir='ltr'>qui</span> <span class='ocrx_word' id='word_1_163' title='bbox 485 2219 610 2269; x_wconf 72' lang='lat' dir='ltr'>Walterus</span> <span class='ocrx_word' id='word_1_164' title='bbox 621 2234 684 2279; x_wconf 90' lang='lat' dir='ltr'>sum,</span> <span class='ocrx_word' id='word_1_165' title='bbox 698 2218 826 2268; x_wconf 84' lang='lat' dir='ltr'>Valerium</span> <span class='ocrx_word' id='word_1_166' title='bbox 837 2231 937 2276; x_wconf 85' lang='lat' dir='ltr'>vocans,</span> 
     </span>
     <span class='ocr_line' id='line_1_21' title="bbox 85 2293 939 2360; baseline 0 -16"><span class='ocrx_word' id='word_1_167' title='bbox 85 2295 179 2359; x_wconf 86' lang='lat' dir='ltr'>ipsum,</span> <span class='ocrx_word' id='word_1_168' title='bbox 192 2295 235 2360; x_wconf 89' lang='lat' dir='ltr'>qui</span> <span class='ocrx_word' id='word_1_169' title='bbox 245 2295 373 2360; x_wconf 84' lang='lat' dir='ltr'>Johannes</span> <span class='ocrx_word' id='word_1_170' title='bbox 383 2303 421 2347; x_wconf 90' lang='lat' dir='ltr'>est</span> <span class='ocrx_word' id='word_1_171' title='bbox 432 2303 458 2346; x_wconf 90' lang='lat' dir='ltr'>et</span> <span class='ocrx_word' id='word_1_172' title='bbox 468 2296 544 2357; x_wconf 77' lang='lat' dir='ltr'>nisus,</span> <span class='ocrx_word' id='word_1_173' title='bbox 560 2296 685 2346; x_wconf 89' lang='lat' dir='ltr'>Rufinum.</span> <span class='ocrx_word' id='word_1_174' title='bbox 691 2293 706 2318; x_wconf 89' lang='lat'>’&#39;</span> <span class='ocrx_word' id='word_1_175' title='bbox 739 2295 764 2346; x_wconf 90' lang='lat' dir='ltr'>It</span> <span class='ocrx_word' id='word_1_176' title='bbox 774 2302 841 2345; x_wconf 91' lang='lat' dir='ltr'>must</span> <span class='ocrx_word' id='word_1_177' title='bbox 851 2302 896 2345; x_wconf 90' lang='lat' dir='ltr'>not</span> <span class='ocrx_word' id='word_1_178' title='bbox 906 2295 939 2344; x_wconf 88' lang='lat' dir='ltr'>be</span> 
     </span>
     <span class='ocr_line' id='line_1_22' title="bbox 86 2371 935 2438; baseline -0.002 -16"><span class='ocrx_word' id='word_1_179' title='bbox 86 2371 246 2422; x_wconf 82' lang='lat' dir='ltr'>confounded</span> <span class='ocrx_word' id='word_1_180' title='bbox 262 2373 323 2422; x_wconf 79' lang='lat' dir='ltr'>with</span> <span class='ocrx_word' id='word_1_181' title='bbox 339 2373 382 2423; x_wconf 91' lang='lat' dir='ltr'>the</span> <span class='ocrx_word' id='word_1_182' title='bbox 398 2389 474 2438; x_wconf 89' lang='lat' dir='ltr'>poem</span> <span class='ocrx_word' id='word_1_183' title='bbox 493 2374 574 2424; x_wconf 79' lang='lat' dir='ltr'>Golr&#39;us</span> <span class='ocrx_word' id='word_1_184' title='bbox 592 2375 622 2423; x_wconf 85' lang='lat' dir='ltr'>de</span> <span class='ocrx_word' id='word_1_185' title='bbox 635 2373 737 2438; x_wconf 80' lang='lat' dir='ltr'>conjuge</span> <span class='ocrx_word' id='word_1_186' title='bbox 752 2389 803 2422; x_wconf 79' lang='lat' dir='ltr'>mm</span> <span class='ocrx_word' id='word_1_187' title='bbox 818 2372 935 2431; x_wconf 83' lang='lat' dir='ltr'>ducenda,</span> 
     </span>
     <span class='ocr_line' id='line_1_23' title="bbox 86 2447 938 2516; baseline 0 -18"><span class='ocrx_word' id='word_1_188' title='bbox 86 2449 172 2499; x_wconf 86' lang='lat' dir='ltr'>which</span> <span class='ocrx_word' id='word_1_189' title='bbox 188 2465 247 2511; x_wconf 80' lang='lat' dir='ltr'>was,</span> <span class='ocrx_word' id='word_1_190' title='bbox 265 2451 381 2516; x_wconf 81' lang='lat' dir='ltr'>perhaps,</span> <span class='ocrx_word' id='word_1_191' title='bbox 402 2451 456 2502; x_wconf 82' lang='lat' dir='ltr'>also</span> <span class='ocrx_word' id='word_1_192' title='bbox 478 2452 578 2502; x_wconf 85' lang='lat' dir='ltr'>written</span> <span class='ocrx_word' id='word_1_193' title='bbox 596 2451 631 2515; x_wconf 84' lang='lat' dir='ltr'>by</span> <span class='ocrx_word' id='word_1_194' title='bbox 650 2451 732 2516; x_wconf 80' lang='lat' dir='ltr'>Map:</span> <span class='ocrx_word' id='word_1_195' title='bbox 756 2465 798 2500; x_wconf 90' lang='lat' dir='ltr'>see</span> <span class='ocrx_word' id='word_1_196' title='bbox 817 2447 938 2512; x_wconf 87' lang='lat' dir='ltr'>Wright&#39;s</span> 
     </span>
     <span class='ocr_line' id='line_1_24' title="bbox 86 2525 938 2593; baseline -0.001 -17"><span class='ocrx_word' id='word_1_197' title='bbox 86 2525 183 2576; x_wconf 87' lang='lat' dir='ltr'>edition</span> <span class='ocrx_word' id='word_1_198' title='bbox 199 2527 229 2577; x_wconf 79' lang='lat' dir='ltr'>oi</span> <span class='ocrx_word' id='word_1_199' title='bbox 243 2527 284 2577; x_wconf 90' lang='lat' dir='ltr'>his</span> <span class='ocrx_word' id='word_1_200' title='bbox 301 2529 400 2590; x_wconf 80' lang='lat' dir='ltr'>Poems,</span> <span class='ocrx_word' id='word_1_201' title='bbox 418 2543 445 2593; x_wconf 90' lang='lat' dir='ltr'>p.</span> <span class='ocrx_word' id='word_1_202' title='bbox 466 2537 505 2591; x_wconf 84' lang='lat'>77.</span> <span class='ocrx_word' id='word_1_203' title='bbox 538 2529 621 2579; x_wconf 87' lang='lat' dir='ltr'>There</span> <span class='ocrx_word' id='word_1_204' title='bbox 640 2529 662 2578; x_wconf 89' lang='lat' dir='ltr'>is</span> <span class='ocrx_word' id='word_1_205' title='bbox 678 2543 748 2578; x_wconf 86' lang='lat' dir='ltr'>some</span> <span class='ocrx_word' id='word_1_206' title='bbox 766 2527 897 2578; x_wconf 83' lang='lat' dir='ltr'>confusion</span> <span class='ocrx_word' id='word_1_207' title='bbox 911 2526 938 2575; x_wconf 90' lang='lat' dir='ltr'>in</span> 
     </span>
     <span class='ocr_line' id='line_1_25' title="bbox 85 2601 938 2668; baseline 0.002 -16"><span class='ocrx_word' id='word_1_208' title='bbox 85 2601 209 2668; x_wconf 83' lang='lat' dir='ltr'>Wright’s</span> <span class='ocrx_word' id='word_1_209' title='bbox 225 2604 362 2655; x_wconf 84' lang='lat' dir='ltr'>references</span> <span class='ocrx_word' id='word_1_210' title='bbox 378 2613 406 2656; x_wconf 90' lang='lat' dir='ltr'>to</span> <span class='ocrx_word' id='word_1_211' title='bbox 422 2606 466 2656; x_wconf 90' lang='lat' dir='ltr'>the</span> <span class='ocrx_word' id='word_1_212' title='bbox 482 2605 605 2666; x_wconf 79' lang='lat' dir='ltr'>Valerius,</span> <span class='ocrx_word' id='word_1_213' title='bbox 617 2605 669 2656; x_wconf 82' lang='lat' dir='ltr'>and</span> <span class='ocrx_word' id='word_1_214' title='bbox 683 2605 737 2655; x_wconf 71' lang='lat' dir='ltr'>also</span> <span class='ocrx_word' id='word_1_215' title='bbox 751 2605 778 2654; x_wconf 90' lang='lat' dir='ltr'>in</span> <span class='ocrx_word' id='word_1_216' title='bbox 788 2604 832 2655; x_wconf 87' lang='lat' dir='ltr'>the</span> <span class='ocrx_word' id='word_1_217' title='bbox 843 2603 938 2654; x_wconf 88' lang='lat' dir='ltr'>notices</span> 
     </span>
     <span class='ocr_line' id='line_1_26' title="bbox 85 2680 938 2747; baseline -0.001 -17"><span class='ocrx_word' id='word_1_218' title='bbox 85 2681 113 2730; x_wconf 89' lang='lat' dir='ltr'>iu</span> <span class='ocrx_word' id='word_1_219' title='bbox 125 2681 240 2742; x_wconf 82' lang='lat' dir='ltr'>Warton,</span> <span class='ocrx_word' id='word_1_220' title='bbox 251 2682 291 2733; x_wconf 88' lang='lat' dir='ltr'>ed.</span> <span class='ocrx_word' id='word_1_221' title='bbox 307 2683 412 2743; x_wconf 78' lang='lat' dir='ltr'>Hauitt,</span> <span class='ocrx_word' id='word_1_222' title='bbox 426 2683 444 2734; x_wconf 91' lang='lat' dir='ltr'>i.</span> <span class='ocrx_word' id='word_1_223' title='bbox 457 2691 516 2747; x_wconf 79' lang='lat'>250,</span> <span class='ocrx_word' id='word_1_224' title='bbox 528 2683 554 2734; x_wconf 86' lang='lat' dir='ltr'>ii.</span> <span class='ocrx_word' id='word_1_225' title='bbox 568 2692 626 2747; x_wconf 80' lang='lat'>353.</span> <span class='ocrx_word' id='word_1_226' title='bbox 662 2681 712 2747; x_wconf 91' lang='lat' dir='ltr'>Cp.</span> <span class='ocrx_word' id='word_1_227' title='bbox 725 2682 842 2733; x_wconf 84' lang='lat' dir='ltr'>Chaucer</span> <span class='ocrx_word' id='word_1_228' title='bbox 857 2681 884 2730; x_wconf 89' lang='lat' dir='ltr'>in</span> <span class='ocrx_word' id='word_1_229' title='bbox 894 2680 938 2730; x_wconf 89' lang='lat' dir='ltr'>the</span> 
     </span>
     <span class='ocr_line' id='line_1_27' title="bbox 85 2757 477 2825; baseline 0.003 -18"><span class='ocrx_word' id='word_1_230' title='bbox 85 2758 154 2808; x_wconf 85' lang='lat' dir='ltr'>Wite</span> <span class='ocrx_word' id='word_1_231' title='bbox 165 2758 194 2808; x_wconf 80' lang='lat' dir='ltr'>of</span> <span class='ocrx_word' id='word_1_232' title='bbox 202 2757 288 2808; x_wconf 84' lang='lat' dir='ltr'>Bath’s</span> <span class='ocrx_word' id='word_1_233' title='bbox 298 2759 427 2825; x_wconf 81' lang='lat' dir='ltr'>prologus.</span> <span class='ocrx_word' id='word_1_234' title='bbox 473 2798 477 2808; x_wconf 68' lang='lat'>.</span> 
     </span>
    </p>

    <p class='ocr_par' dir='ltr' id='par_1_6' title="bbox 117 2835 870 2902">
     <span class='ocr_line' id='line_1_28' title="bbox 117 2835 870 2902; baseline 0 -17"><span class='ocrx_word' id='word_1_235' title='bbox 117 2835 231 2885; x_wconf 76' lang='lat' dir='ltr'>adhaesit</span> <span class='ocrx_word' id='word_1_236' title='bbox 242 2837 385 2900; x_wconf 83' lang='lat' dir='ltr'>pavimento</span> <span class='ocrx_word' id='word_1_237' title='bbox 396 2836 481 2886; x_wconf 69' lang='lat' dir='ltr'>enims</span> <span class='ocrx_word' id='word_1_238' title='bbox 490 2835 585 2902; x_wconf 84' lang='lat' dir='ltr'>nostra]</span> <span class='ocrx_word' id='word_1_239' title='bbox 603 2837 678 2887; x_wconf 89' lang='lat' dir='ltr'>From</span> <span class='ocrx_word' id='word_1_240' title='bbox 690 2836 729 2886; x_wconf 80' lang='lat' dir='ltr'>Ps</span> <span class='ocrx_word' id='word_1_241' title='bbox 734 2835 815 2885; x_wconf 88' lang='lat' dir='ltr'>cxviii.</span> <span class='ocrx_word' id='word_1_242' title='bbox 829 2844 870 2898; x_wconf 85' lang='lat'>25.</span> 
     </span>
    </p>

    <p class='ocr_par' dir='ltr' id='par_1_7' title="bbox 117 2912 853 2979">
     <span class='ocr_line' id='line_1_29' title="bbox 117 2912 853 2979; baseline -0.001 -15"><span class='ocrx_word' id='word_1_243' title='bbox 117 2914 302 2978; x_wconf 75' lang='lat' dir='ltr'>conglutinatus</span> <span class='ocrx_word' id='word_1_244' title='bbox 313 2921 351 2964; x_wconf 87' lang='lat' dir='ltr'>est</span> <span class='ocrx_word' id='word_1_245' title='bbox 362 2914 388 2963; x_wconf 92' lang='lat' dir='ltr'>in</span> <span class='ocrx_word' id='word_1_246' title='bbox 399 2921 464 2965; x_wconf 88' lang='lat' dir='ltr'>terra</span> <span class='ocrx_word' id='word_1_247' title='bbox 474 2922 561 2965; x_wconf 87' lang='lat' dir='ltr'>venter</span> <span class='ocrx_word' id='word_1_248' title='bbox 572 2912 666 2979; x_wconf 91' lang='lat' dir='ltr'>noster]</span> <span class='ocrx_word' id='word_1_249' title='bbox 683 2915 725 2963; x_wconf 89' lang='lat' dir='ltr'>Ps.</span> <span class='ocrx_word' id='word_1_250' title='bbox 737 2914 798 2962; x_wconf 81' lang='lat' dir='ltr'>xliii.</span> <span class='ocrx_word' id='word_1_251' title='bbox 813 2923 853 2977; x_wconf 81' lang='lat'>25.</span> 
     </span>
    </p>

    <p class='ocr_par' dir='ltr' id='par_1_8' title="bbox 117 2989 797 3056">
     <span class='ocr_line' id='line_1_30' title="bbox 117 2989 797 3056; baseline -0.001 -16"><span class='ocrx_word' id='word_1_252' title='bbox 117 2990 197 3056; x_wconf 78' lang='lat' dir='ltr'>gloria</span> <span class='ocrx_word' id='word_1_253' title='bbox 206 2998 293 3042; x_wconf 79' lang='lat' dir='ltr'>nostra</span> <span class='ocrx_word' id='word_1_254' title='bbox 302 2991 329 3040; x_wconf 89' lang='lat' dir='ltr'>in</span> <span class='ocrx_word' id='word_1_255' title='bbox 339 2991 468 3056; x_wconf 87' lang='lat' dir='ltr'>pulverem</span> <span class='ocrx_word' id='word_1_256' title='bbox 478 3000 516 3042; x_wconf 88' lang='lat' dir='ltr'>est</span> <span class='ocrx_word' id='word_1_257' title='bbox 527 2991 645 3054; x_wconf 83' lang='lat' dir='ltr'>deducta]</span> <span class='ocrx_word' id='word_1_258' title='bbox 662 2990 703 3041; x_wconf 89' lang='lat' dir='ltr'>Ps.</span> <span class='ocrx_word' id='word_1_259' title='bbox 717 2990 759 3040; x_wconf 84' lang='lat' dir='ltr'>vii.</span> <span class='ocrx_word' id='word_1_260' title='bbox 772 2989 797 3039; x_wconf 84' lang='grc'>6.</span> 
     </span>
    </p>

    <p class='ocr_par' dir='ltr' id='par_1_9' title="bbox 116 3068 922 3134">
     <span class='ocr_line' id='line_1_31' title="bbox 116 3068 922 3134; baseline 0 -16"><span class='ocrx_word' id='word_1_261' title='bbox 116 3069 266 3134; x_wconf 85' lang='lat' dir='ltr'>necestqui</span> <span class='ocrx_word' id='word_1_262' title='bbox 277 3068 409 3134; x_wconf 82' lang='lat' dir='ltr'>recogitet]</span> <span class='ocrx_word' id='word_1_263' title='bbox 428 3070 504 3119; x_wconf 88' lang='lat' dir='ltr'>From</span> <span class='ocrx_word' id='word_1_264' title='bbox 512 3071 564 3134; x_wconf 86' lang='lat' dir='ltr'>Jer.</span> <span class='ocrx_word' id='word_1_265' title='bbox 578 3069 620 3118; x_wconf 87' lang='lat' dir='ltr'>xii.</span> <span class='ocrx_word' id='word_1_266' title='bbox 632 3080 668 3120; x_wconf 88' lang='lat'>11.</span> <span class='ocrx_word' id='word_1_267' title='bbox 919 3104 922 3108; x_wconf 86' lang='lat'>-</span> 
     </span>
    </p>

    <p class='ocr_par' dir='ltr' id='par_1_10' title="bbox 83 3145 935 3289">
     <span class='ocr_line' id='line_1_32' title="bbox 116 3145 935 3212; baseline -0.002 -15"><span class='ocrx_word' id='word_1_268' title='bbox 116 3147 172 3198; x_wconf 88' lang='lat' dir='ltr'>luce</span> <span class='ocrx_word' id='word_1_269' title='bbox 190 3146 360 3212; x_wconf 86' lang='lat' dir='ltr'>perspicuum]</span> <span class='ocrx_word' id='word_1_270' title='bbox 383 3147 431 3212; x_wconf 90' lang='lat' dir='ltr'>Cp.</span> <span class='ocrx_word' id='word_1_271' title='bbox 452 3147 533 3197; x_wconf 85' lang='lat' dir='ltr'>Durh.</span> <span class='ocrx_word' id='word_1_272' title='bbox 552 3146 647 3206; x_wconf 86' lang='lat' dir='ltr'>Ritual,</span> <span class='ocrx_word' id='word_1_273' title='bbox 664 3161 690 3211; x_wconf 90' lang='lat' dir='ltr'>p.</span> <span class='ocrx_word' id='word_1_274' title='bbox 706 3145 753 3208; x_wconf 70' lang='lat'>642</span> <span class='ocrx_word' id='word_1_275' title='bbox 773 3148 792 3174; x_wconf 82' lang='lat'>‘⁴</span> <span class='ocrx_word' id='word_1_276' title='bbox 804 3145 860 3196; x_wconf 90' lang='lat' dir='ltr'>luce</span> <span class='ocrx_word' id='word_1_277' title='bbox 876 3161 935 3196; x_wconf 87' lang='lat' dir='ltr'>con·</span> 
     </span>
     <span class='ocr_line' id='line_1_33' title="bbox 83 3221 224 3289; baseline 0 -43"><span class='ocrx_word' id='word_1_278' title='bbox 83 3221 224 3289; x_wconf 44' lang='lat' dir='ltr'>wicum),</span> 
     </span>
    </p>

    <p class='ocr_par' dir='ltr' id='par_1_11' title="bbox 114 3293 1043 3370">
     <span class='ocr_line' id='line_1_34' title="bbox 114 3293 1043 3370; baseline -0.011 -11"><span class='ocrx_word' id='word_1_279' title='bbox 114 3305 235 3369; x_wconf 80' lang='lat' dir='ltr'>ictericis]</span> <span class='ocrx_word' id='word_1_280' title='bbox 251 3304 308 3355; x_wconf 87' lang='lat' dir='ltr'>The</span> <span class='ocrx_word' id='word_1_281' title='bbox 315 3301 441 3370; x_wconf 77' lang='lat' dir='ltr'>jsuudiee,</span> <span class='ocrx_word' id='word_1_282' title='bbox 453 3300 511 3353; x_wconf 84' lang='lat' dir='ltr'>said</span> <span class='ocrx_word' id='word_1_283' title='bbox 521 3308 548 3352; x_wconf 88' lang='lat' dir='ltr'>to</span> <span class='ocrx_word' id='word_1_284' title='bbox 556 3301 588 3352; x_wconf 91' lang='lat' dir='ltr'>be</span> <span class='ocrx_word' id='word_1_285' title='bbox 598 3316 628 3352; x_wconf 90' lang='lat' dir='ltr'>so</span> <span class='ocrx_word' id='word_1_286' title='bbox 638 3299 720 3352; x_wconf 69' lang='lat' dir='ltr'>called</span> <span class='ocrx_word' id='word_1_287' title='bbox 730 3299 794 3352; x_wconf 79' lang='lat' dir='ltr'>from</span> <span class='ocrx_word' id='word_1_288' title='bbox 805 3299 849 3352; x_wconf 89' lang='lat' dir='ltr'>the</span> <span class='ocrx_word' id='word_1_289' title='bbox 859 3300 938 3354; x_wconf 86' lang='lat' dir='ltr'>belief</span> <span class='ocrx_word' id='word_1_290' title='bbox 1036 3293 1043 3302; x_wconf 74' lang='grc'><strong>’</strong></span> 
     </span>
    </p>

    <p class='ocr_par' dir='ltr' id='par_1_12' title="bbox 496 3394 519 3438">
     <span class='ocr_line' id='line_1_35' title="bbox 496 3394 519 3438; baseline 0 0"><span class='ocrx_word' id='word_1_291' title='bbox 496 3394 519 3438; x_wconf 83' lang='grc' dir='ltr'>Ι)</span> 
     </span>
    </p>
   </div>
   <div class='ocr_carea' id='block_1_5' title="bbox 0 0 1166 3982">
    <p class='ocr_par' dir='ltr' id='par_1_13' title="bbox 0 0 1166 3982">
     <span class='ocr_line' id='line_1_36' title="bbox 0 0 1166 3982; baseline 0 0"><span class='ocrx_word' id='word_1_292' title='bbox 0 0 1166 3982; x_wconf 95' lang='lat' dir='ltr'> </span> 
     </span>
    </p>
   </div>
  </div>
 </body>
</html>
