2324 3982
444 283 670 338 crprwrurr
692 285 769 337 VIII.
998 293 1031 351 tt

175 455 269 531 ciunt,
278 455 388 534 quibus
399 453 554 517 Ecclesiae
563 454 715 517 militantis
725 456 954 518 tabernaculum
960 475 1031 518 con·

176 562 302 632 tegatur.
336 550 381 613 Hi
391 550 540 630 agricolae
550 550 740 628 seminantes,
750 553 843 614 boves
852 552 1030 629 tritmantes,

176 650 270 712 tubae
296 647 502 724 buccinantes,
529 647 664 726 pleiades
690 647 855 712 emicantes
874 660 905 710 et
927 651 1031 713 stellae

176 758 334 810 manentes
352 745 384 807 in
402 745 509 808 ordine
530 765 595 820 suo,
616 765 695 824 quae
709 745 838 808 sisaram
862 765 1032 826 expugnare

126 855 162 919 37
177 864 242 908 non
255 853 382 906 cessant.
425 845 465 905 Et
482 854 516 904 ut
534 842 642 905 veritas
660 844 832 918 honoretur,
853 845 936 905 salvo
949 863 1058 922 prae5

177 940 292 1004 iudicio
309 939 524 1018 cuiuscunque,
539 939 609 1001 licet
622 939 654 1001 hi
667 959 764 1018 nuper
776 942 850 1002 hora
869 941 1032 1006 undecima

176 1037 297 1099 vineam
312 1037 372 1099 sint
390 1036 515 1116 ingressi
535 1035 729 1111 dominicam,
743 1036 821 1098 sicut
834 1036 1031 1099 amantissimi

176 1135 267 1199 nobis
284 1134 351 1197 libri
374 1143 451 1213 capt
475 1137 516 1197 6⁰.
533 1153 624 1212 supra
646 1134 752 1196 anxius
767 1136 944 1214 allegabant,
963 1137 1032 1214 plus

177 1244 282 1296 tamen
294 1231 326 1293 in
341 1233 399 1293 bac
411 1232 486 1293 hora
499 1230 676 1293 brevissima
693 1242 876 1293 sacratorum
890 1232 1030 1294 librorum

178 1328 353 1391 adiecerunt
366 1327 524 1407 propagini
532 1348 624 1406 quam
635 1345 739 1390 omnes
748 1327 861 1390 residui
870 1328 1030 1405 vinitores3
1046 1355 1076 1390 ιο

179 1425 267 1488 Pauli
285 1436 434 1488 sectantes
455 1424 589 1504 vestigia,
605 1424 656 1502 qui
672 1424 832 1486 vocatione
851 1425 1031 1487 novissimus

178 1522 402 1602 praedicatione
415 1522 537 1600 primus,
553 1523 649 1582 multo
663 1522 751 1583 latius
765 1521 831 1583 aliis
844 1521 1032 1601 evangelium

125 1621 167 1699 38
181 1619 293 1684 Christi
318 1619 434 1698 sparsit.
477 1622 525 1680 De
547 1617 611 1680 istis
632 1620 673 1680 ad
695 1630 805 1680 stamm
828 1619 1034 1696 pontificalem

179 1716 325 1794 assumpti
335 1716 497 1778 nonnullos
513 1715 672 1777 habuimus
687 1716 726 1777 de
740 1716 858 1778 duobus
867 1715 1031 1793 ordinibus,

179 1813 422 1876 Praedicatorum
436 1811 575 1874 videlicet
596 1823 626 1874 et
645 1811 808 1888 Minorum,
822 1811 932 1874 nostris
944 1813 1032 1876 assis·
1046 1839 1058 1876 r
1062 1840 1075 1891 5

180 1921 277 1974 tentes
297 1909 440 1972 lateribus
461 1919 641 1987 nostraeque
659 1908 790 1970 familiae
804 1913 1029 1986 commensales,

179 2007 260 2069 viros
274 2007 378 2084 utique
392 2017 454 2068 tam
468 2005 602 2067 moribus
622 2005 778 2084 insignitos
801 2026 892 2084 quam
917 2006 1031 2084 litteris,

180 2105 233 2184 qui
247 2105 434 2168 diversorum
448 2104 637 2166 voluminum
657 2103 902 2182 correctionibus,
918 2105 1033 2184 exposi-

212 2287 361 2338 2fflsunt
376 2285 433 2336 edd
453 2301 502 2335 om.
518 2283 711 2349 ABDEJa.
732 2288 771 2347 ΙΙ4
786 2285 924 2349 ᾳιιίῦιΙς
942 2284 1033 2335 Matio

179 2364 237 2416 edd
253 2369 263 2422 ll
274 2378 290 2428 9
301 2364 348 2413 hac
358 2379 408 2414 om.
422 2365 447 2413 A
460 2367 470 2421 ΙΙ
484 2375 514 2412 ιο
519 2363 615 2428 pagini
623 2362 652 2411 D
657 2361 769 2426 paginae
777 2362 817 2427 Ja.
832 2367 842 2419 11
860 2373 890 2423 14
900 2361 1033 2426 assumptis

180 2442 261 2494 Coch.
276 2446 286 2499 ΙΙ
300 2450 329 2502 17
345 2440 453 2490 morioris
463 2455 539 2505 quam
550 2439 653 2488 scientiis
664 2454 741 2504 quam
751 2438 843 2490 lettere's
852 2439 878 2488 B
894 2443 904 2497 ΙΙ

213 2606 291 2656 boves
302 2601 454 2664 triturantes]
471 2603 519 2668 Cp.
535 2614 546 2652 1
561 2603 618 2653 Cor.
630 2601 664 2652 ix.
677 2613 702 2666 9.

214 2682 301 2734 stellae
313 2680 452 2742 manentes]
466 2682 514 2746 Cp.
526 2680 622 2744 Judges
632 2696 657 2730 v.
670 2691 710 2729 20.

214 2759 347 2810 undecima
356 2758 429 2820 hora]
446 2759 493 2821 Cp.
509 2758 582 2808 Matt.
597 2774 636 2808 xx.

168 2831 171 2838 ’
214 2836 278 2886 bora
293 2833 451 2897 brevissima]
475 2836 526 2899 Cp.
547 2835 612 2898 1Jo.
632 2833 659 2884 ii.
683 2831 720 2884 18.
757 2834 808 2885 For
823 2834 909 2900 Roget
927 2832 1035 2886 Bacon’s

182 2913 287 2979 opinion
298 2914 327 2963 of
330 2912 394 2962 their
404 2912 508 2962 biblical
519 2911 628 2972 labours,
642 2926 684 2962 see
695 2911 746 2976 Op.
760 2910 834 2976 Maj.,
845 2927 873 2977 p.
886 2921 925 2976 37.

215 2990 355 3050 Minorum]
372 2990 422 3039 For
437 2989 480 3039 the
492 2988 673 3038 Praedstatores
683 3002 725 3038 see
740 2994 799 3038 note
816 3003 850 3038 on
864 3003 887 3040 c.
900 2988 934 3040 vi.
952 3003 974 3040 ⁸.
991 2987 1033 3040 86.

182 3067 240 3119 The
255 3068 360 3117 Fratres
375 3067 487 3117 Mimas
502 3080 568 3115 were
583 3065 694 3116 founded
712 3065 747 3128 by
763 3065 790 3116 S.
811 3066 914 3117 Francis
928 3065 955 3115 in
973 3078 1038 3116 1210

182 3146 234 3196 and
246 3160 335 3195 werea
345 3144 490 3194 mendicent
499 3143 589 3194 orders
605 3158 645 3208 ep.
658 3142 699 3192 his
710 3142 817 3207 Regula,
830 3157 852 3193 c.
866 3142 900 3194 6:
920 3143 1038 3194 “Nullus

183 3229 286 3273 vocetur
307 3223 381 3287 prior,
401 3222 445 3271 sed
466 3221 614 3286 generaliter
630 3235 718 3270 omnes
732 3227 852 3270 vocentur
872 3221 972 3272 Fratres
985 3221 1037 3270 Mi·

184 3298 285 3352 nores.”
319 3299 487 3362 (Holstenius,
500 3299 588 3350 Codex
600 3297 762 3363 Regularum,
775 3297 812 3349 iii.
824 3297 877 3362 24).
