2324 3982
243 293 276 358 78
537 294 801 349 PHILOBIBLON

243 463 386 539 tionibus,
407 463 641 526 tabulationibus
668 483 705 526 ac
725 463 991 543 compilatiombus
1014 463 1099 528 inde·

174 563 231 623 Ι39
243 560 328 622 fessis
339 560 446 622 studiis
459 560 682 624 incumbebant
724 562 802 623 Sane
810 561 947 640 quamvis
961 562 1101 625 omnium·

243 656 449 736 religiosomm
457 657 731 720 communicatione
739 657 1102 738 multipliciplurimorum·

241 773 368 832 operum
386 755 506 834 copiam
519 766 581 817 tem
595 774 742 817 novorum
756 775 848 834 quam
862 767 999 818 vetemm
1019 776 1099 821 asse·

241 851 304 913 cuti
312 852 464 928 fuerimus,
472 851 694 915 Praedicatores
702 863 804 914 tamen
809 853 980 915 extollimus
989 854 1097 917 merito
1109 865 1122 917 5

242 948 367 1027 speciali
377 949 539 1027 praeconio
553 948 585 1010 in
594 951 651 1010 hac
661 959 755 1029 parte,
767 950 852 1027 quod
862 969 915 1012 eos
925 969 999 1028 prae
1007 968 1098 1013 cunc·

242 1044 281 1106 tis
291 1045 437 1124 religiosis
450 1065 573 1107 suorum
584 1045 650 1107 sine
660 1044 773 1107 invidia
786 1045 951 1124 gratissime
963 1066 1098 1109 commu·

241 1141 388 1204 nicativos
406 1143 582 1218 invenimus,
601 1163 638 1205 ac
652 1143 754 1206 divina
769 1145 900 1222 quadam
919 1143 1098 1207 liberalitate

241 1242 377 1318 perfusos
410 1239 574 1318 sapientiae
606 1240 774 1302 luminosae
807 1241 1000 1319 probavimus
1034 1262 1098 1304 non

242 1338 416 1398 avarossed
430 1337 765 1416 idoneospossessorea
1110 1350 1138 1385 ¹0

172 1442 229 1498 140
283 1437 404 1496 Praeter
430 1435 485 1495 has
518 1453 625 1496 omnes
652 1432 891 1513 opportunitates
917 1444 1096 1513 praetactas,

243 1530 482 1592 stationariomm
501 1551 538 1592 ac
555 1530 743 1593 librariorum
757 1530 903 1606 notitiam,
919 1550 983 1594 non
997 1534 1098 1594 solum

242 1630 320 1693 infra
345 1631 454 1693 natalis
487 1632 545 1694 soli
578 1632 773 1711 provinciam,
802 1633 857 1694 sed
890 1652 944 1710 per
970 1652 1097 1712 regnum

242 1728 395 1806 Franciae,
417 1729 586 1791 Teutoniae
609 1741 640 1791 et
661 1729 767 1790 Italiae
786 1730 990 1808 dispersorum
1016 1750 1099 1793 com·

242 1826 418 1904 paravimus,
442 1826 568 1888 faciliter
586 1827 716 1905 pecunia
737 1828 936 1905 praevolante,
961 1846 1020 1889 nec
1042 1847 1137 1906 eos15

243 1923 393 1984 ullatenus
414 1922 571 2001 impedivit
598 1922 748 1998 distantia,
771 1942 871 2001 neque
896 1924 980 1984 furor
1004 1924 1096 1985 maris

242 2018 407 2094 absterruit,
423 2039 480 2081 nec
492 2040 543 2081 aes
557 2019 600 2082 eis
613 2039 669 2099 pro
684 2039 816 2098 expensa
829 2019 948 2096 defecit,
963 2019 1038 2098 quin
1057 2022 1097 2082 ad

242 2135 299 2178 nos
331 2129 449 2195 optatos
484 2117 574 2179 libros
601 2117 835 2179 transmitterent
869 2119 917 2177 vel
948 2119 1096 2180 afferrent.

243 2213 382 2276 Sciebant
396 2216 531 2291 profecto
545 2214 628 2293 quod
648 2234 716 2293 spes
736 2234 840 2275 eorum
860 2214 891 2274 in
907 2214 974 2276 sinu
993 2226 1097 2277 nostro

242 2310 371 2389 reposita
385 2310 552 2372 defraudari
565 2331 627 2372 non
647 2322 773 2390 poterat,
787 2313 841 2372 sed
861 2312 993 2373 restabat
1014 2314 1096 2391 apud
1109 2339 1135 2372 κο

243 2427 299 2470 nos
313 2408 436 2486 copiosa
449 2409 617 2487 redemptio
631 2415 700 2469 cum
714 2407 817 2469 usuris.

276 2567 290 2624 5
315 2560 401 2610 merito
426 2577 476 2611 om.
498 2561 527 2610 D
546 2565 556 2619 ΙΙ
575 2562 764 2625 Jgratissimae
788 2561 1020 2612 communicationi
1043 2562 1095 2627 Ja,

242 2637 318 2702 vulgo
329 2640 339 2695 ΙΙ
353 2649 382 2700 13
400 2636 471 2686 intra
487 2637 544 2687 edd.
559 2642 569 2695 ΙΙ
583 2649 614 2699 14
628 2638 798 2703 componimus
814 2638 843 2688 D
859 2640 869 2696 ΙΙ
889 2647 919 2700 17
939 2653 977 2688 eos
995 2639 1032 2690 eir
1046 2639 1075 2689 D
1086 2644 1096 2697 ΙΙ

246 2725 276 2778 19
286 2714 391 2764 scr'elant
401 2714 467 2765 enim
474 2721 523 2779 pro
534 2720 595 2764 certo
607 2715 663 2765 edd.
679 2719 689 2773 ΙΙ

274 2839 480 2901 tabulationibus]
496 2839 552 2889 The
563 2838 633 2889 word
649 2839 671 2890 is
686 2845 732 2889 not
742 2839 820 2890 found
831 2839 857 2890 in
872 2839 916 2891 the
927 2840 1094 2902 dictionaries,

242 2917 288 2968 but
299 2917 320 2967 it
330 2933 416 2967 means
426 2917 550 2982 probably
560 2917 663 2966 indexes
674 2932 703 2966 or
713 2916 867 2968 summaries.

274 2996 485 3062 stationariomm]
502 2999 553 3047 For
561 2997 604 3048 the
611 2997 759 3047 stationarii
765 2998 795 3047 of
802 2998 845 3048 the
856 2997 951 3049 middle
961 3015 1028 3065 ages,
1039 2998 1098 3050 who

242 3089 308 3126 were
330 3075 462 3140 originally
482 3075 566 3125 rather
586 3074 685 3125 lenders
704 3075 765 3124 thau
786 3075 872 3126 sellers
893 3076 921 3126 oi
940 3077 1030 3140 books,
1054 3092 1095 3142 cp.

242 3151 419 3212 wattenbach,
434 3152 611 3202 Schriftwesen
621 3152 656 3201 im
668 3151 822 3214 Mittelalter,
836 3165 894 3216 294,
908 3162 965 3218 307.

275 3229 377 3294 copiosa
388 3229 539 3294 redemptio]
555 3229 632 3278 From
645 3229 685 3279 Ps.
699 3228 779 3280 cxxix.
795 3238 818 3290 7.

274 3321 333 3358 oum
343 3302 436 3367 usuris]
453 3306 501 3371 Cp.
517 3305 590 3357 Luke
600 3305 649 3358 xix.
664 3317 704 3371 23.
