2324 3982
229 294 264 348 90
462 242 464 245 ⁸
530 282 793 337 rurconrnrorr

230 465 265 516 ut
287 453 433 532 seipsam
453 452 655 515 communicet
669 451 821 515 universis
864 453 969 528 Indos,
988 453 1088 532 Baby·

230 550 338 627 lonios,
353 551 518 630 Aegyptios
531 561 623 629 atque
636 553 778 626 Graecos,
790 551 905 613 Arabes
914 561 946 612 et
960 549 1087 612 Iatirms

231 667 299 711 eam
332 648 525 727 pertransisse
557 650 620 708 iam
658 647 814 710 cernimus.
857 650 924 710 Iam
948 649 1087 710 Athenas

232 746 370 822 deseruit,
389 745 450 807 iarn
468 766 488 807 a
505 748 606 807 Roma
623 745 752 821 recessit,
773 745 833 807 iam
854 745 983 808 Parisios
1003 765 1088 824 prae·

231 843 338 918 terivit,
352 843 412 905 iam
425 844 466 905 ad
479 842 670 918 Britanniam,
682 843 846 905 insularum
854 843 1087 922 insignissimam
1101 872 1114 922 ς

232 940 306 1020 quin
318 941 417 1020 potins
427 940 667 1016 microcosmum,
690 940 971 1017 accessitreucitee
993 951 1030 1003 ut
1054 961 1088 1003 se

233 1037 356 1102 Graecis
385 1050 417 1102 et
444 1038 576 1100 barbaris
606 1037 783 1100 debitricem
814 1039 964 1100 ostendat
1015 1041 1088 1116 Quo

232 1134 376 1197 miraculo
389 1137 529 1213 perfecto,
544 1134 691 1197 conicitur
703 1155 722 1198 a
735 1134 886 1215 plerisque
899 1135 994 1214 quod,
1008 1136 1088 1198 sicut

233 1231 350 1296 Galliae
374 1231 435 1293 iam
461 1231 567 1310 sophia
599 1231 734 1310 tepescit,
758 1232 802 1294 sic
823 1232 960 1294 eiusdem
980 1231 1088 1294 militia

233 1326 353 1409 penitus
368 1329 477 1392 evirata
491 1328 667 1408 languescit.
1103 1357 1131 1393 10

468 1698 472 1705 Ι
516 1746 730 1847 Capitulum
753 1770 809 1824 10.

293 1899 356 1975 De
372 1899 584 1975 successiva
600 1900 829 1997 perfectione
846 1897 1035 1976 librorum.

164 2081 221 2158 158
235 2074 466 2172 Sapientiam
492 2098 626 2149 veterum
646 2085 835 2163 exquirentes
856 2086 986 2162 assidue,
1008 2086 1091 2149 iuxta

234 2190 378 2268 sapientis
392 2189 559 2264 consilium,
576 2189 779 2250 Ecclesiastici
795 2194 865 2267 39⁰:
906 2189 1091 2268 Sapientiam

234 2288 340 2366 inquit,
356 2287 492 2349 omniurn
512 2286 703 2365 antiquorum
724 2287 860 2365 exquiret
878 2287 1006 2365 sapiens,
1026 2308 1090 2350 non

234 2384 267 2446 in
287 2385 369 2446 illam
381 2385 557 2464 opinionem
571 2384 696 2462 dignum
711 2383 850 2445 duximus
865 2383 1091 2460 declinandum,

234 2494 268 2544 ut
281 2481 392 2561 primos
406 2480 513 2542 artium
527 2481 699 2542 fundatores
720 2500 842 2542 omnem
862 2480 1024 2543 ruditatem
1038 2482 1091 2544 eli·
1108 2511 1136 2561 ις

234 2598 332 2642 masse
353 2579 497 2655 dicamus,
523 2577 653 2639 scientes
673 2577 920 2640 adinventionem
943 2577 1093 2658 cuiusque

272 2761 287 2816 7
307 2753 391 2817 gregis
409 2753 437 2802 E
457 2756 467 2810 ll
487 2750 626 2816 8prosecfo
643 2751 669 2801 A
692 2750 718 2801 B
734 2752 764 2801 D
780 2752 808 2801 E
820 2751 927 2817 perfecte
942 2752 983 2817 Ja.
1003 2752 1063 2804 edd.
1082 2757 1092 2811 ΙΙ

238 2839 267 2895 15
278 2831 454 2896 primulel

268 2985 425 3045 debitricem]
443 2984 490 3048 Cp.
505 2983 580 3032 Rom
594 2980 611 3030 i.
629 2993 670 3044 14:
690 2984 707 3011 ‘⁴
717 2982 820 3034 Graecis
827 2999 856 3034 ac
867 2983 988 3046 barbaris,
998 2985 1094 3050 sapien·

236 3062 303 3113 tibus
314 3068 340 3112 et
351 3061 526 3124 insipientibus
537 3056 636 3107 debitor
646 3057 728 3108 sum.”

269 3139 359 3187 militia
369 3138 516 3201 languescit]
531 3138 602 3199 This,
613 3139 633 3187 it
644 3152 701 3200 moy
711 3137 743 3186 be
754 3137 862 3196 noticed,
876 3152 929 3186 was
939 3137 1039 3188 written
1050 3147 1096 3189 not

238 3216 299 3279 long
317 3215 381 3265 after
396 3214 439 3264 the
451 3215 525 3264 naval
537 3215 632 3279 victory
643 3214 671 3264 of
681 3213 763 3278 Sluys,
776 3214 827 3263 and
838 3214 898 3278 only
909 3230 994 3279 ayear
1004 3231 1033 3264 or
1045 3223 1097 3266 two

238 3292 324 3342 before
335 3292 378 3342 the
390 3290 473 3341 Battle
485 3291 514 3341 of
522 3293 620 3358 Cressy.
