2324 3982
423 294 649 348 CAPITULUM
664 295 728 345 XX.
953 298 1000 352 147

145 477 319 544 praesumet
340 465 458 541 iactare,
487 467 560 543 quin
588 484 624 526 ex
651 466 752 541 aliqua
779 462 1001 523 circumstantia

149 564 248 623 valeat
261 562 445 640 reprehendi,
461 581 538 639 quae
548 561 671 622 forsitan
682 581 700 621 a
711 560 810 638 seipso
821 579 883 619 non
894 559 1002 636 poterit

149 660 357 736 deprehendi?
379 663 498 720 Bonum
509 659 589 720 enim
601 679 637 719 ex
643 657 763 736 integris
773 658 877 731 causis,
889 657 1002 715 malum

150 766 252 816 autern
263 755 416 818 omnifarie
429 779 436 816 r
456 758 533 816 sicut
548 755 721 834 Dionysius,
732 757 780 816 De
791 751 900 814 divinis
909 753 1003 812 nomi·

104 860 134 921 27
151 854 249 926 nibuS,
272 872 327 913 nos
353 855 502 913 informat.
545 853 751 929 Quamobrem
777 853 806 911 in
834 861 1030 926 nostrarum5

150 953 342 1028 iniquitatum
362 951 536 1024 remedium,
555 950 664 1026 quibus
682 969 739 1011 nos
758 950 893 1010 omnium
912 950 1003 1010 Crea-

151 1057 248 1110 torem
268 1050 399 1108 crebrius
420 1049 579 1109 offendisse
597 1046 816 1126 cognoscimus,
832 1044 1003 1106 orationum

152 1146 289 1222 suffragia
304 1146 430 1221 petituri,
447 1146 602 1206 studentes
616 1157 733 1205 nostros
747 1145 861 1205 futuros
878 1143 1003 1220 dignum

152 1243 291 1303 duximus
299 1243 608 1319 exhortari,quatenus
618 1245 660 1302 sic
669 1254 731 1301 tam
741 1241 829 1303 nobis
839 1261 930 1318 quam
938 1238 1003 1300 aliis

151 1340 317 1400 eorundem
334 1339 439 1400 futuris
459 1341 700 1400 benefactoribus
718 1340 791 1399 fiant
812 1338 895 1416 grati,
920 1337 1003 1413 quod
1017 1359 1048 1396 ro

151 1438 365 1498 beneficiorum
389 1449 558 1498 nostrorum
580 1436 798 1514 providentiam
822 1434 1003 1512 spiritalibus

152 1545 381 1610 recompensent
398 1534 649 1595 retributionibus.
685 1534 829 1594 Vivamus
848 1532 880 1592 in
899 1551 1003 1593 eorum

153 1630 305 1691 memoriis
325 1631 460 1705 funerati,
481 1630 534 1708 qui
552 1631 584 1690 in
597 1631 706 1691 nostris
719 1629 856 1691 vixerunt
868 1631 1003 1690 benevo-

153 1727 253 1789 lentiis
273 1728 409 1787 nondum
430 1727 492 1788 nati
513 1727 682 1806 nostrisque
702 1747 784 1788 nunc
795 1726 898 1787 vivunt
911 1728 1003 1787 bene·

153 1823 228 1883 ficiis
237 1826 401 1885 sustentati.
420 1825 618 1886 Clementiam
625 1825 836 1901 Redemptoris
844 1823 1004 1901 implorent
1019 1837 1029 1878 r
1034 1842 1047 1893 ς

152 1919 302 1980 instantiis
322 1921 485 1994 indefessis,
509 1932 656 1997 quatenus
684 1920 870 1999 negligentiis
897 1919 1005 1982 nostris

153 2028 264 2094 parcat,
282 2029 473 2094 peccatorum
490 2029 660 2078 nostrorum
679 2020 809 2079 reatibus
825 2021 893 2096 pius
914 2018 1005 2079 iudex

153 2114 317 2192 indulgeat,
335 2116 434 2191 lapsus
455 2126 573 2176 nostrae
594 2115 756 2193 fragilitatis
777 2117 868 2192 pallio
887 2115 1004 2194 pietatis

155 2211 270 2288 operiat
284 2221 314 2271 et
327 2213 464 2284 offensas,
479 2232 554 2288 quas
573 2223 603 2272 et
621 2214 715 2290 pudet
735 2224 765 2273 et
778 2215 910 2290 paenitet
926 2233 1006 2272 corn·

155 2307 279 2383 misisse,
296 2306 397 2369 divina
412 2308 594 2386 benignitate
613 2313 751 2371 remittat.
794 2312 960 2372 Conservet
974 2309 1004 2370 in
1020 2323 1051 2357 20

156 2404 244 2463 nobis
278 2405 317 2464 ad
349 2405 498 2465 sufficiens
533 2407 661 2482 spatium
684 2407 857 2483 paenitendi
886 2428 1006 2468 suarum

156 2501 451 2578 muneragratiarum,
459 2501 710 2577 fideifirmitatem,
721 2506 783 2580 spei
793 2503 1006 2565 sublimitatem

156 2607 187 2658 et
199 2598 238 2658 ad
249 2617 354 2659 omnes
365 2599 503 2658 homines
516 2599 689 2660 latissimam
701 2601 862 2661 caritatem.
893 2603 1007 2663 Flectat

156 2695 318 2772 superbum
328 2695 481 2755 arbitrium
490 2697 529 2755 ad
538 2698 693 2773 culparum
704 2717 823 2777 suarum
832 2699 1005 2774 lamentum,

190 2900 206 2937 2
216 2888 420 2953 semtipsoDJa.
433 2893 442 2946 ΙΙ
454 2898 483 2950 17
489 2888 552 2952 pius
559 2890 633 2938 iudex
640 2890 767 2954 indulgeat
776 2908 827 2943 om.
838 2893 862 2942 A
871 2896 881 2950 ll
891 2891 920 2943 18
930 2894 1011 2945 nostri
1051 2890 1058 2903 ⁸

149 2965 320 3030 frugalitatem
329 2967 369 3031 Ja.
384 2970 393 3024 ΙΙ
405 2978 437 3014 22
447 2967 500 3030 spei
507 2968 654 3015 suauriatem
670 2968 708 3031 Ja
724 2973 734 3026 ΙΙ

191 3141 337 3206 Dionysius]
357 3142 400 3206 Op.
415 3144 466 3204 cit„
486 3143 518 3194 iv.
534 3157 582 3206 30:
600 3143 733 3194 Συνελόντι
747 3144 772 3195 δὲ
784 3144 858 3210 φάναι
873 3146 902 3196 τὸ
914 3145 1010 3212 ἀγαθὸν

158 3219 185 3268 ἐκ
202 3223 247 3279 τῆς
264 3221 322 3283 μιᾶς
338 3221 378 3268 καὶ
394 3224 439 3281 τῆς
451 3219 511 3282 ὅλης
527 3220 618 3280 αἰτίας,
628 3221 658 3271 τὸ
676 3219 700 3271 δὲ
716 3222 793 3272 κακὸν
809 3223 835 3274 ἐκ
851 3225 954 3274 πολλῶν
970 3227 1009 3274 eat

157 3301 262 3361 μερικῶν
272 3296 412 3362 ἐλλείψεων.
