2324 3982
234 295 280 350 1³4
529 284 792 338 PHILOBIBLON

230 451 382 515 delibutus
402 462 453 514 aut
473 451 545 514 folia
558 453 639 531 prius
652 456 762 530 volvat,
776 466 828 517 aut
841 455 997 534 signacula
1017 457 1087 519 libri

231 551 335 611 solvat.
377 552 523 612 Puerulus
535 553 711 614 lacrimosus
724 552 899 630 capitalium
919 553 1087 616 litterarum

231 664 294 709 non
317 647 481 709 admiretur
501 647 657 726 imagines,
678 668 719 710 ne
738 669 832 711 manu
853 649 947 712 fluida
970 653 1087 730 polluat

230 761 443 823 pergamenum
455 767 465 819 3
493 747 588 824 tangit
610 745 692 807 enim
713 745 796 808 illico
819 747 967 826 quicquid
990 748 1083 810 videt.

230 842 325 902 Porro
345 840 421 917 laici,
443 840 497 920 qui
517 841 625 902 librum
646 861 742 921 aeque
761 843 924 921 respiciunt
944 844 1113 924 resupine5

231 947 430 999 transversum
452 938 530 999 sicut
551 938 626 1000 serie
646 939 774 999 naturali
801 951 978 1019 expansum,
1000 941 1086 1002 omni

160 1053 194 1093 22
198 1050 215 1112 5
230 1032 372 1096 librorum
386 1035 603 1097 communione
614 1035 735 1114 penitus
754 1047 824 1097 sunt
844 1036 968 1116 indigni.
1013 1041 1086 1100 Hoc

230 1130 321 1193 etiam
356 1131 481 1193 clericus
509 1132 661 1210 disponat,
689 1144 723 1194 ut
750 1134 835 1194 olens
863 1134 902 1194 ab
929 1133 997 1195 ollis
1024 1134 1087 1196 lixa

230 1227 366 1289 cinereus
391 1228 533 1290 librorum
551 1228 613 1289 lilia
634 1248 696 1290 non
721 1230 876 1307 contingat
897 1229 1007 1305 illotus,
1031 1233 1087 1292 sed

231 1324 283 1403 qui
292 1322 456 1404 ingreditur
466 1327 530 1386 sine
540 1327 659 1386 macula
672 1324 810 1403 pretiosis
820 1325 978 1387 codicibus
984 1326 1087 1388 minis
1101 1358 1131 1392 ιο

230 1421 328 1485 trabit.
382 1425 537 1490 conferret
573 1434 674 1484 autem
709 1421 871 1501 plurimum
905 1434 968 1484 tam
1001 1423 1086 1484 libris

230 1540 322 1599 quam
336 1520 520 1582 scholaribus
534 1539 677 1581 manuum
687 1521 881 1581 honestarum
894 1519 1052 1595 munditia,
1062 1519 1088 1582 si

230 1635 292 1677 non
301 1628 401 1678 essent
410 1616 526 1678 scabies
535 1627 565 1677 et
577 1617 715 1694 pustulae
726 1617 912 1678 characteres
921 1616 1085 1679 clericales.

159 1713 217 1771 226
271 1714 428 1776 Librorum
456 1713 632 1786 defectibus,
661 1713 780 1790 quoties
806 1712 1010 1788 advertuntur,
1040 1725 1088 1776 est

230 1811 308 1873 otius
319 1812 537 1872 occurrendum
545 1831 555 1886 ;
577 1809 721 1888 quoniam
731 1809 806 1870 nihil
816 1807 986 1889 grandescit
996 1809 1087 1873 citius
1102 1840 1131 1891 15

265 2042 276 2079 1
294 2031 443 2094 singnacula
462 2031 489 2079 E
511 2035 521 2088 ll
540 2039 553 2095 5
575 2030 671 2079 libmm
692 2046 838 2080 econverso
858 2029 997 2094 respiciunt
1011 2030 1052 2094 Ja.
1076 2035 1087 2088 ΙΙ

229 2109 246 2158 6
263 2109 297 2157 sic
318 2107 343 2156 B
364 2109 477 2156 omm'um
492 2108 531 2171 Ja.
553 2111 563 2165 ΙΙ
584 2117 598 2170 7
615 2107 720 2171 penitus
735 2122 785 2156 om.
803 2108 843 2171 Ja.
862 2104 873 2170 ll
890 2120 906 2168 9
914 2106 985 2171 solia
1001 2107 1061 2157 edd.
1076 2111 1086 2164 ΙΙ

232 2199 262 2236 10
272 2186 334 2251 quia
344 2183 393 2248 Ell
407 2198 433 2233 11
446 2185 539 2250 confert
549 2185 625 2249 DJa
638 2189 648 2242 ll

262 2367 390 2432 signacula
405 2366 463 2417 libri
480 2366 571 2427 solvat]
588 2366 665 2415 From
683 2367 745 2416 Rev.
767 2381 790 2414 v.
813 2377 835 2415 2.
884 2364 949 2414 Itis
970 2364 1032 2414 here
1051 2379 1086 2414 no

229 2446 308 2497 doubt
320 2445 381 2495 used
392 2454 418 2494 to
429 2460 503 2494 mean
514 2444 557 2494 the
567 2443 649 2507 clasps
661 2442 690 2493 ol
697 2459 712 2492 a
723 2442 799 2492 book.

260 2524 381 2573 librorum
392 2522 455 2583 lilia]
472 2521 534 2570 This
545 2521 566 2570 is
577 2521 620 2571 the
631 2520 735 2584 reading
745 2519 774 2568 of
787 2519 830 2569 the
840 2519 921 2568 better
932 2518 1022 2578 MSS,
1034 2520 1087 2569 and

228 2599 326 2665 though
337 2601 350 2649 I
362 2600 397 2648 do
407 2607 453 2649 not
465 2597 518 2647 find
534 2613 584 2663 any
595 2597 667 2647 other
683 2598 794 2647 instance
810 2596 840 2645 os
852 2596 895 2646 the
911 2596 981 2646 word
996 2595 1023 2645 in
1035 2597 1087 2646 this

228 2694 308 2738 sense,
321 2677 340 2726 it
352 2677 373 2726 is
383 2675 503 2741 perlectly
514 2673 670 2738 intelligible.

260 2754 397 2818 ingreditur
407 2753 461 2802 sine
472 2751 581 2812 macula]
598 2752 675 2802 From
686 2751 726 2801 Ps.
740 2750 791 2801 xiv.
804 2762 828 2800 2.

261 2832 357 2882 scabies
373 2839 398 2881 et
409 2830 534 2896 pustulae]
551 2830 634 2879 These
650 2828 732 2878 words
748 2843 843 2891 convey
860 2842 876 2876 a
892 2826 968 2891 lively
985 2827 1043 2877 idea
1059 2828 1090 2878 of

229 2912 272 2961 the
282 2909 366 2959 habits
377 2908 405 2958 ol
419 2907 462 2958 the
473 2907 540 2958 time.
577 2906 612 2956 So
624 2905 741 2956 Petrarch
752 2906 778 2954 in
789 2905 832 2954 the
844 2905 884 2954 De
896 2904 1003 2954 Remed.
1018 2904 1086 2954 Utri.

229 2989 361 3046 Fortunae,
376 2986 402 3035 ii.
421 2984 462 3048 85,
474 2985 520 3034 has
536 3001 552 3032 a
568 2985 679 3048 chapter,
696 2983 753 3032 ‘De
770 2978 879 3032 Scabie'
913 2982 936 3030 It
953 2980 975 3030 is
991 2981 1085 3044 signiti-

228 3065 312 3127 cantly
323 3063 376 3113 said
388 3062 417 3112 ol
425 3060 536 3111 Abelard
547 3060 574 3110 in
585 3060 624 3110 his
635 3059 678 3109 life
690 3078 696 3108 ι
717 3060 798 3124 “plus
808 3058 877 3107 solito
888 3057 971 3108 scabie
988 3065 1014 3108 et
1030 3059 1084 3122 qui-

227 3142 334 3192 busdam
345 3139 455 3203 corporis
466 3136 652 3186 infirmitatibus
662 3133 838 3200 gravabatur.''

260 3218 440 3268 charactereres
456 3213 593 3275 clericales]
623 3213 758 3264 character
772 3211 890 3262 cleat'calr's
901 3226 952 3262 was
967 3211 1030 3263 used
1046 3211 1085 3262 for

227 3303 346 3346 tonsura:
364 3309 405 3343 see
417 3292 545 3355 Duoauge.
