2324 3982
319 298 546 350 CAPITULUM
558 299 670 350 XVIII.
872 309 919 366 137

65 467 160 528 immo
171 469 341 544 frequentet
348 466 405 542 illa,
418 487 497 544 quae
511 467 642 545 speciem
652 467 726 529 boni
736 469 856 543 habent,
865 488 918 532 ue·

66 564 196 641 quitiosa
210 562 404 624 subversione
418 565 569 642 depravat.

11 684 51 742 30
107 660 254 736 Quamvis
281 660 362 722 enim
402 680 488 722 amor
511 660 652 722 librorum
677 660 710 722 in
737 662 847 724 clerico
881 681 919 724 eit

49 757 177 819 'obiecti
206 768 312 818 natura
332 759 481 835 praeferat
504 758 702 833 honestatem,
721 759 797 821 miro
815 771 918 822 tamen

62 856 159 916 modo
186 854 334 916 obnoxios
361 873 417 915 nos
442 854 541 916 effecit
568 854 687 916 iudiciis
713 855 946 934 plurimorum,5

63 971 193 1029 quorum
207 951 453 1012 admirationibus
468 952 634 1026 obtrectati‚
648 972 730 1014 nunc
741 955 780 1014 de
793 954 916 1015 curiosi·

61 1060 124 1110 tate
139 1049 296 1127 superflua,
312 1068 394 1109 nunc
407 1050 446 1108 de
460 1047 623 1125 cupiditate
641 1047 672 1109 in
691 1049 742 1110 illa
762 1052 917 1112 dumtaxat

62 1145 196 1221 materia,
225 1165 307 1205 nunc
334 1146 374 1206 de
401 1145 539 1206 vanitatis
567 1146 749 1224 apparentia,
771 1166 854 1207 nunc
876 1148 917 1212 de

61 1242 224 1322 voluptatis
245 1242 474 1321 intemperantia
495 1242 574 1303 circa
593 1243 706 1304 litteras
728 1245 914 1319 notabamur,

63 1360 193 1418 quorum
214 1359 317 1401 revera
336 1338 490 1418 vituperiis
511 1359 573 1400 non
593 1342 661 1418 plus
685 1359 776 1416 quam
798 1340 916 1400 canicu-
930 1363 961 1417 ¹o

61 1439 159 1499 lorum
169 1437 324 1497 latratibus
333 1439 536 1511 movebamur,
546 1436 625 1497 illius
637 1437 728 1497 solius
742 1437 915 1499 testimonio

60 1535 236 1611 contentari,
257 1537 297 1595 ad
319 1554 410 1613 quem
428 1554 515 1596 renes
536 1546 566 1595 et
586 1536 679 1596 corda
700 1535 828 1612 pertinet
848 1555 915 1614 per·

10 1654 45 1711 31
60 1632 193 1696 scrutari.
237 1632 316 1692 Cum
331 1631 413 1692 enim
426 1631 591 1692 voluntatis
606 1643 737 1693 secretae
757 1632 855 1693 finalis
872 1632 915 1693 in-

61 1728 156 1790 tentio
165 1728 303 1790 homines
317 1730 408 1789 lateat
416 1728 567 1806 unicoque
577 1731 645 1790 Deo
656 1739 764 1806 pateat,
775 1728 913 1791 cordium

59 1825 230 1903 inspectori,
236 1825 420 1904 perniciosae
429 1825 759 1887 temeritatismerentur
766 1825 910 1905 redargui,
927 1865 956 1916 ¹5

60 1923 114 2001 qui
136 1923 273 1984 humanis
293 1923 419 1998 actibus,
439 1943 567 2000 quorum
589 1925 702 1985 fontale
723 1943 785 1984 nou
808 1923 913 1986 vident

58 2019 248 2098 principium,
262 2020 443 2098 epigramma
466 2032 527 2082 tam
550 2019 675 2082 faciliter
692 2019 914 2099 superscribunt
1017 2021 1019 2024 ’

60 2117 220 2178 sinistrum.
264 2116 347 2177 Finis
374 2116 454 2178 enim
476 2119 621 2180 sehabet
646 2117 678 2178 in
700 2117 911 2197 operabilibus,

61 2212 140 2274 sicut
160 2212 306 2292 principia
319 2214 351 2274 in
363 2213 553 2293 speculativis
572 2216 620 2275 vel
641 2214 863 2293 suppositiones
880 2214 913 2276 iu

92 2429 107 2483 5
124 2419 196 2484 ςῂῑιίϊ
203 2421 253 2485 Ja„
267 2419 324 2470 edd.
334 2417 345 2484 fl
354 2419 370 2469 6
380 2420 478 2470 mrim
488 2420 656 2486 superfluitate
665 2422 705 2487 Ja.
715 2417 726 2485 11
739 2433 769 2486 13
780 2422 912 2488 voluptatis

58 2497 85 2546 E
96 2495 107 2560 ΙΙ
121 2509 151 2559 19
161 2505 298 2562 supponens
308 2498 335 2547 E
345 2493 357 2560 ΙΙ

91 2684 244 2750 curiositate]
263 2687 310 2752 Cp.
325 2687 415 2738 tTim.
430 2704 453 2739 v.
470 2700 507 2752 13.

91 2778 162 2813 renes
173 2771 198 2813 et
210 2765 296 2825 corda]
313 2765 389 2814 From
401 2767 442 2816 Ps.
456 2767 497 2816 vii.
514 2778 551 2816 10.

90 2840 196 2901 fontale]
212 2842 268 2892 The
278 2842 366 2891 word
359 2858 381 2892 is
391 2843 452 2893 used
464 2843 498 2906 by
509 2845 594 2907 Roget
605 2844 699 2904 Bucon,
712 2842 763 2908 Op.
773 2845 810 2894 M.
814 2859 857 2910 ,p
870 2853 909 2906 η,

56 2918 136 2968 ruthe
145 2919 471 2969 accountofhiswondetful
480 2921 567 2984 boy
571 2922 669 2970 sisauo
677 2920 911 2972 eteffioaciconsilio

56 2994 127 3044 iuxta
136 2995 259 3057 fontalem
276 2996 456 3059 plenitudinem
473 3011 549 3061 quam
565 2995 642 3046 habet
657 2997 812 3061 dirigeretur,
827 2998 911 3050 nullus

57 3073 186 3122 seniorum
197 3081 387 3138 consequeretur
400 3089 457 3123 eum
468 3074 495 3123 in
505 3074 689 3139 sapientialium
700 3074 828 3140 profluviis
845 3076 910 3126 rivo·

57 3149 140 3210 tum;”
153 3156 177 3200 ct
186 3152 291 3215 saepius.
324 3151 380 3201 The
391 3151 481 3216 phrase
493 3152 618 3202 “virtutis
629 3160 654 3202 et
669 3152 807 3216 sapientiae
816 3152 909 3204 fontale

56 3227 208 3292 principium
216 3227 231 3251 ’'
253 3229 275 3278 is
298 3228 360 3278 used
381 3229 411 3278 of
432 3229 476 3278 the
499 3229 645 3293 University
666 3229 697 3279 os
717 3229 788 3280 Paris
809 3230 909 3296 hythe

57 3305 340 3370 Cisterciansin1322:
357 3305 760 3372 Martene,Anecdot.,iv.1509.
935 3295 938 3304 ¹
