2324 3982
448 318 675 373 enarratum
696 320 771 372 mr.
1001 322 1034 386 ⁶⁹

127 519 143 560 2
147 519 168 574 4
181 487 375 564 praetulimus
386 489 547 566 palefridis.
589 492 640 552 Ad
653 491 729 553 haec
742 491 878 555 eiusdem
891 490 1034 572 principis

180 583 368 646 illustrissimi
382 585 581 664 sempiternae
590 587 753 650 memoriae
762 588 960 672 legationibus
969 608 1033 651 cre·

179 680 241 744 bris
254 683 358 758 functi,
373 694 404 745 et
417 686 458 746 ob'
472 684 649 763 multiplicia
662 684 746 765 regni
760 687 881 767 negotia
894 707 975 748 nunc
993 689 1034 749 ad

177 780 284 842 sedem
299 783 480 857 Romanam,
496 801 575 843 nunc
593 784 633 844 ad
653 783 767 844 curiam
785 784 937 860 Franciae,
952 805 1033 847 nunc

179 877 220 940 ad
231 877 338 940 mundi
351 877 469 941 diversa
482 879 626 955 dominia,
641 880 785 943 taediosis
806 881 1034 944 ambassiatibus
1047 911 1061 962 ς

178 974 788 1056 acpericulosistemporibusmittebamur,
795 978 1034 1042 circumferentes

179 1081 283 1134 tamen
296 1073 409 1152 ubique
430 1074 521 1149 illam,
537 1095 628 1153 quam
642 1096 740 1154 aquae
761 1076 909 1154 plurimae
927 1077 1032 1155 nequi·

126 1201 165 1264 ²5
179 1181 287 1232 verunt
318 1171 513 1250 exstinguere,
543 1174 699 1235 caritatem
735 1173 888 1235 librorum.
945 1176 1034 1235 Haec

178 1269 316 1330 omnium
330 1268 601 1348 peregrinationum
618 1269 767 1331 absinthia
777 1270 863 1349 quasi
884 1272 1034 1349 quaedam

177 1365 376 1444 pigmentaria
388 1367 473 1445 potio
486 1367 659 1431 dulcoravit
696 1369 786 1430 Haec
796 1378 865 1446 post
879 1370 1034 1446 perplexas
1048 1396 1078 1432 ιο

178 1461 383 1525 intricationes
399 1474 429 1525 et
448 1466 640 1542 scrupulosos
653 1483 809 1526 causarum
831 1467 980 1527 anfractus
997 1484 1035 1526 ac

177 1559 229 1621 vix
252 1560 437 1638 egressibiles
460 1561 502 1622 rei
519 1562 656 1640 publicae
678 1562 863 1641 labyrinthos
883 1563 923 1623 ad
944 1563 1034 1642 respi-

178 1659 308 1719 randum
321 1677 480 1736 pammper
491 1659 666 1737 temperiem
679 1679 768 1722 aurae
781 1659 858 1722 lenis
871 1660 995 1738 aperuit.

126 1767 176 1827 26·
221 1756 250 1817 O
264 1756 351 1817 beate
367 1758 451 1817 Deus
466 1759 602 1818 Deorum
616 1756 648 1817 in
662 1757 742 1833 Sion,
757 1769 888 1835 quantus
902 1756 1034 1819 fluminis

179 1850 310 1930 impetus
323 1851 484 1931 voluptatis
494 1845 664 1916 laetificavit
679 1866 882 1930 cornostrum‚
895 1856 1034 1933 quotiens
1049 1882 1077 1932 ις

179 1951 352 2029 paradisum
366 1950 472 2012 mundi
482 1950 612 2013 Parisios
626 1951 744 2014 visitare
757 1952 928 2014 vacavimus
942 1972 1035 2016 mora·

179 2045 248 2122 turi,
263 2047 316 2109 ubi
329 2048 419 2109 nobis
432 2067 550 2127 semper
561 2049 626 2112 dies
639 2049 728 2129 pauci
741 2069 812 2128 prae
825 2050 935 2112 amoris
955 2071 1035 2132 mag·

214 2243 404 2309 ssadc'ciosislr*
415 2246 424 2301 ΙΙ
438 2251 452 2304 7
467 2248 523 2293 tum
543 2243 633 2309 ubique
644 2244 683 2310 Ja.
694 2248 732 2308 119
746 2245 833 2294 omnia
838 2246 1035 2310 peregrinarum
1096 2297 1097 2300 ,

178 2321 361 2386 namnumJa.
375 2325 385 2380 ΙΙ
399 2333 428 2386 13
439 2321 548 2388 levaiJa.
563 2327 572 2380 ΙΙ
587 2323 616 2372 16
628 2323 844 2389 ibimoraturiJa.
857 2328 866 2382 ΙΙ

213 2483 423 2547 circumferentes]
440 2485 487 2551 Cp.
501 2497 517 2535 2
529 2485 588 2537 Cor.
602 2485 636 2537 iv.
653 2499 690 2537 ro.

218 2561 374 2626 exstinguere
384 2560 523 2626 caritatem]
541 2563 588 2627 Cp.
602 2563 674 2613 Cant.
689 2563 740 2614 viii.
755 2572 778 2624 7.

213 2637 379 2703 pigmentaria
389 2639 470 2704 potio]
486 2640 648 2704 Pigmentum
659 2656 687 2690 or
698 2641 795 2705 piment
802 2655 852 2691 was
864 2656 880 2690 a
890 2639 1037 2690 mixtureoi

179 2716 257 2776 wine,
269 2716 361 2780 honey,
380 2718 430 2767 and
444 2717 533 2782 spiees,
552 2717 628 2767 much
644 2717 750 2768 affected
766 2718 793 2767 in
804 2715 928 2768 medieval
941 2717 1034 2768 times:

179 2809 224 2845 see
235 2793 364 2858 Ducange.
400 2794 457 2844 The
467 2795 536 2844 word
552 2793 693 2844 dulcoravit
703 2795 724 2846 is
735 2795 791 2845 said
800 2801 828 2845 to
838 2795 870 2846 be
880 2793 991 2860 peculiar
1006 2802 1034 2846 to

180 2870 210 2923 S·
222 2870 339 2936 Jerome:
356 2886 396 2934 cp.
411 2872 485 2922 Prov.
498 2871 573 2920 xxvii.
588 2883 612 2933 9.

214 2963 288 3000 aurae
305 2948 379 3010 lenis]
398 2948 467 3012 John
483 2949 513 2998 oi
526 2949 655 3013 Salisbury
672 2965 728 3014 says
744 2949 772 2999 in
788 2964 836 2998 one
852 2947 881 2998 oi
893 2947 933 2998 his
949 2947 1035 3000 letters

179 3039 215 3075 on
226 3024 354 3090 returning
364 3032 392 3074 to
403 3026 516 3076 Franee:
537 3027 602 3075 “Ex
621 3041 672 3090 quo
691 3033 773 3091 partes
789 3026 861 3090 attigi
880 3025 1031 3088 cismarinos,

178 3103 248 3154 visus
259 3118 314 3154 snm
325 3102 387 3152 mihi
397 3102 503 3154 sensisse
513 3102 616 3154 lenioris
626 3119 701 3154 aurae
711 3103 857 3168 temperiem
866 3101 894 3154 :”
911 3103 960 3168 Ep.
977 3115 1031 3168 134.

214 3180 284 3231 Deus
291 3180 404 3231 Deorum
412 3180 439 3229 in
448 3178 522 3244 Sion]
530 3180 592 3230 'llris
598 3179 689 3246 phrase
696 3196 782 3232 occurs
790 3180 863 3232 twice
870 3181 897 3232 in
904 3180 1032 3243 Petrarch,

179 3257 223 3309 De
233 3256 295 3307 Otio
307 3257 438 3322 Religios,
451 3257 497 3322 sig.
510 3272 533 3307 o.
546 3256 591 3316 iii,
604 3272 680 3308 verro.

213 3333 324 3386 fluminis
334 3333 453 3401 impetus]
469 3335 546 3385 From
558 3334 599 3386 Ps.
613 3333 663 3385 xlv.
678 3343 701 3399 5.
