2324 3982
468 302 695 357 capreorum
717 303 760 356 rr.
1010 312 1043 368 ς,

186 474 332 536 ennuchis
347 473 511 554 sapientiae
521 474 641 553 nuptias
650 473 835 554 procuratis!
849 484 925 551 quot
935 490 1042 534 caecos

187 573 386 650 speculatores
400 591 490 650 super
503 572 658 635 Ecclesiae
672 591 774 634 muros
787 568 944 632 circumire
960 587 1043 649 prae

187 669 305 747 cipitisl

133 773 174 848 96
229 765 569 844 Opiscatoresinertesl
592 765 663 827 solis
675 763 788 826 retibus
798 762 903 826 alienis
914 773 1041 838 utentes,

187 862 240 940 qui
259 874 346 941 rupta
367 862 417 923 vix
436 861 574 941 imperite
592 862 723 936 reficitis,
745 881 824 923 nova
848 881 919 922 vero
946 862 1070 939 nulla-5

187 969 277 1020 tenus
289 959 476 1034 connodata,
492 959 618 1021 aliorum
639 959 756 1020 labores
776 956 901 1031 intratis,
916 957 1041 1019 aliorum

187 1053 287 1116 studia
307 1054 447 1130 recitatis,
468 1055 595 1117 aliorum
617 1054 795 1132 sapientiam
818 1052 1044 1132 superficialiter

186 1151 344 1229 repetitam
364 1152 500 1213 theatrali
523 1152 649 1231 strepitu
669 1149 795 1213 labiatis.
838 1152 1042 1227 Quemadmo-

187 1249 261 1310 dum
275 1249 420 1326 psittacus
435 1248 530 1311 idiota
541 1249 661 1310 auditas
673 1267 765 1310 voces
779 1246 895 1326 effigiat,
912 1246 955 1307 sic
969 1248 1044 1308 tales

187 1344 360 1407 recitatores
370 1345 588 1407 fiuntomnium
594 1343 1042 1415 sednulliusauctores,asinam
1059 1369 1089 1403 10

188 1443 315 1503 Balaam
327 1442 487 1518 imitantes,
497 1442 654 1520 quaelicet
668 1452 747 1503 esset
758 1440 939 1502 intrinsecus
947 1439 1045 1501 insen-

188 1549 262 1614 sata,
284 1538 386 1618 lingua
406 1550 507 1600 tamen
529 1538 640 1600 diserta
660 1541 740 1599 sacta
767 1549 821 1612 est,
846 1548 907 1598 tam
928 1534 1044 1598 domini

132 1662 173 1723 97
188 1655 280 1713 quam
302 1637 466 1715 prophetae
494 1636 645 1714 magistra.
687 1633 869 1713 Resipiscite
896 1651 1043 1711 pauperes

188 1732 301 1796 Christi
315 1745 346 1794 et
359 1753 415 1793 nos
428 1732 520 1793 libros
534 1731 671 1811 inspicite
685 1731 828 1806 studiose,
845 1730 910 1791 sine
934 1729 1044 1808 quibus

188 1829 221 1890 in
241 1829 468 1908 praeparatione
484 1829 629 1908 evangelii
641 1827 725 1907 pacis
739 1847 894 1906 nunquam
908 1826 1044 1905 poteritis
1058 1849 1088 1901 ¹5

187 1927 291 1989 debite
300 1926 433 1987 calceari.
470 1927 581 1987 Paulus
594 1928 758 2004 apostolus,
768 1924 958 2003 praedicator
971 1922 1044 1984 veri·

187 2023 257 2083 tatis
292 2034 322 2084 et
357 2024 464 2084 doctor
495 2021 621 2083 eximius
644 2020 787 2100 gentium,
818 2021 875 2082 ista
900 2020 957 2081 sibi
991 2039 1046 2098 per

187 2120 452 2197 Timotheumpro
465 2119 549 2191 omni
568 2118 753 2197 supellectile
768 2117 824 2179 tria
836 2117 922 2179 iussit
938 2116 1043 2190 afferri,

187 2219 356 2294 paenulam,
366 2217 458 2278 libros
466 2227 497 2278 et
505 2218 705 2290 membranas,
714 2221 752 2275 π’.
764 2216 803 2275 ad
813 2214 891 2275 Tim.
902 2216 965 2289 ul⁰.,
975 2212 1045 2274 viris

190 2313 368 2392 evangelicis
388 2315 515 2376 formam
536 2314 692 2391 praebens,
708 2322 743 2373 ut
759 2310 895 2372 habitum
909 2312 1044 2373 deferant
1057 2336 1089 2375 20

223 2527 238 2582 5
256 2534 317 2583 quae
338 2530 353 2567 2
375 2518 476 2567 renuitis
494 2519 519 2567 A
540 2517 580 2581 Ja.
602 2521 611 2575 ΙΙ
631 2515 829 2566 ocannoditata's
847 2514 873 2564 B
888 2513 1045 2563 commodatis

189 2594 247 2647 edd.
261 2601 271 2654 ΙΙ
285 2608 313 2658 13
330 2596 439 2660 respicite
454 2596 478 2644 A
491 2596 517 2644 B
527 2595 555 2644 D
564 2595 604 2660 Ja.
613 2601 751 2658 pauperes.
766 2628 773 2642 .
788 2627 795 2643 .
811 2592 923 2656 inspicite
938 2607 987 2640 orn.
996 2591 1022 2641 B
1034 2596 1043 2649 ιΙ

192 2679 221 2735 15
230 2673 445 2736 praeparationem
456 2672 480 2721 A
493 2672 519 2720 B
528 2671 555 2720 E
563 2671 604 2735 Ja.
619 2675 674 2728 llao
684 2668 848 2721 ecclesalsstr'cis
861 2669 890 2718 D
904 2669 944 2733 Ja.
958 2674 982 2717 et
996 2668 1022 2718 B
1033 2672 1043 2726 ll

222 2862 309 2897 caecos
320 2846 496 2912 speculatores]
513 2846 561 2910 Cp.
576 2847 609 2896 Is.
624 2845 666 2895 lvi.
683 2857 721 2894 10.

221 2924 327 2974 aliorum
338 2924 431 2985 studia]
443 2924 496 2988 Cp.
512 2923 612 2972 Holkot
622 2923 649 2971 in
662 2922 732 2986 Sap„
745 2919 762 2971 f.
777 2917 826 2982 328
836 2920 861 2969 b.

222 3009 274 3052 tarn
285 3000 391 3062 domini]
409 3000 464 3050 The
475 3000 592 3065 meaning
603 3014 682 3050 seems
693 2998 763 3064 plain
774 2997 891 3061 enough;
907 3001 949 3060 yet
960 2996 1040 3047 Coch.

190 3079 271 3145 prints
284 3075 422 3127 ‘Domini.'

222 3155 368 3220 resipiscite]
377 3153 553 3219 Cp.2Tim.ii.
562 3152 609 3203 26:
623 3150 913 3218 “resiplsoantadiaboli
921 3149 1023 3216 laqueis.
1028 3148 1043 3174 '’

222 3234 250 3284 in
267 3231 466 3298 praeparatione]
491 3233 540 3296 Cp.
561 3231 628 3296 Eph.
648 3231 681 3282 vi.
705 3240 752 3296 15:
771 3230 902 3282 “calceati
918 3230 996 3295 pedes
1015 3229 1043 3278 in

194 3310 383 3377 praeparatione
394 3308 517 3374 evangelii
527 3308 603 3374 pacis.
608 3306 623 3330 ''
